2828 4874
280 506 354 579 522
529 512 586 578 sn
616 513 779 579 monens
809 512 1120 578 onnrrnnricun

367 665 408 730 66
449 667 495 751 τῷ
513 665 645 754 anteitur
666 669 816 746 κτίσματι
850 671 906 732 sot
923 668 1002 753 θεῷ]
1026 666 1112 752 quod
1136 640 1262 731 scilicet
1283 669 1380 732 aedili-

278 750 361 813 cium
393 751 434 814 nd
470 751 518 816 dei
541 751 696 815 honorem
728 761 905 837 susceptum
938 754 1017 814 tanti
1047 754 1187 830 faceret,
1212 763 1252 818 ut
1275 755 1307 816 in
1331 779 1377 818 sua

280 845 382 901 statue
408 837 471 899 eius
493 837 650 899 substerni
670 836 878 899 fundamentis
897 837 1053 900 ambierit.

362 958 404 1023 66
447 961 687 1034 Κωισταντῑνος
709 956 779 1033 viiic
810 956 962 1042 ΜιχαήλῙ
983 963 1027 1024 sic
1049 963 1188 1045 ingenue
1213 962 1294 1039 Leo,
1316 984 1374 1024 cun

279 1043 332 1105 alii
353 1045 456 1106 Basilii
480 1045 579 1108 filium
601 1046 714 1108 dicant.
737 1045 910 1108 Cedrenus:
933 1047 1179 1118 normanna
1202 1037 1221 1105 ὅ
1248 1043 1375 1125 apropi-

239 1185 240 1189 ,
277 1147 368 1207 τερος
388 1129 452 1189 τῶν
479 1129 535 1192 τοῦ
555 1130 720 1202 Βασιλέως
741 1124 821 1191 υἱῶν
840 1128 961 1202 ἐξέλιπε
984 1127 1066 1214 νόσῳ
1087 1130 1264 1210 neptuni.
1305 1132 1372 1192 Basi-

278 1211 312 1272 lii
329 1212 585 1276 filinshominum
609 1215 835 1278 existimatione
858 1223 972 1295 utpote
992 1214 1136 1275 Eudocia
1162 1213 1233 1276 eius
1256 1215 1371 1297 coniuge

275 1307 457 1379 susceptum
482 1298 565 1361 idem
596 1309 700 1362 tamen
721 1319 758 1360 re
778 1299 845 1381 ipss
866 1298 1042 1373 Michaelis,
1066 1299 1123 1383 qui
1144 1319 1184 1360 ea
1209 1300 1370 1361 concubina

279 1388 430 1443 uteretur.

271 1520 273 1522 ·
361 1495 402 1558 67
445 1497 548 1578 laicos
568 1496 776 1580 poptaovroc]
798 1497 970 1559 indumenti
989 1518 1084 1581 genus
1101 1495 1271 1574 videatur,
1292 1499 1369 1583 idque

277 1579 427 1659 cultioris,
452 1602 515 1665 quo
537 1581 714 1662 imperator
734 1583 814 1644 tanti
840 1583 946 1665 templi
972 1605 989 1642 a
1015 1604 1048 1645 se
1071 1585 1217 1643 extructi
1241 1585 1368 1645 encaenia

278 1663 441 1729 honorare
462 1663 607 1728 voluerit.
631 1664 749 1749 quidsi
770 1661 803 1727 ri
829 1661 1028 1746 s'ntlaops'stov
1050 1662 1250 1747 eiplicetum
1272 1666 1306 1727 ad
1321 1669 1367 1728 Co·

277 1746 385 1809 diuum
404 1748 443 1811 de
466 1749 607 1811 Officiis?
662 1749 692 1810 le
712 1771 791 1830 saye
821 1751 922 1828 royal.
940 1757 1106 1831 *sceptrum
1130 1773 1168 1812 ea
1193 1772 1276 1813 voce
1293 1752 1369 1835 signi·

277 1831 366 1893 liceri
388 1855 452 1894 non
473 1834 563 1895 facile
586 1831 804 1918 persuadeorz
829 1834 955 1909 taenias,
979 1856 1117 1917 quarum
1141 1836 1244 1896 etiam
1264 1857 1327 1897 usus
1344 1835 1366 1895 in

277 1913 390 1978 habitu
408 1919 589 2003 Augustali,
611 1940 687 1978 oum
708 1917 869 2001 significet,
891 1917 1008 2000 cogitet
1028 1918 1141 1982 lector.

357 2016 400 2080 68
440 2011 604 2099 γεγονότος
624 2014 779 2101 ἀφανοῦς]
803 2019 881 2080 nihil
902 2017 954 2080 hic
975 2018 1229 2082 emendandum.
1268 2018 1365 2082 aeoli

274 2100 430 2186 dispansit
440 2148 452 2180 ,
472 2103 586 2164 vadum
616 2124 649 2164 se
679 2123 749 2163 cum
780 2103 1008 2181 arbitrabatur,
1036 2124 1098 2164 non
1109 2104 1225 2184 fiaisse
1241 2104 1359 2166 aalma

277 2185 320 2248 sio
342 2186 457 2270 passim
479 2186 591 2270 quihus
610 2186 860 2270 praestigiatores
886 2185 1036 2248 eiusmodi
1057 2188 1253 2271 imponunt.

365 2308 406 2373 69
449 2311 527 2396 lego
553 2306 695 2392 ἀκριβῶς
722 2313 938 2393 pensauerat:
974 2326 1120 2396 tanquam
1154 2316 1194 2375 ιἰι
1228 2308 1362 2398 Apollonii

277 2408 358 2458 secta
391 2396 557 2478 diligenter
582 2408 738 2474 uersatus,
776 2416 816 2458 ac
854 2397 931 2457 artis
967 2397 1110 2479 magicae
1144 2398 1247 2459 valde
1261 2398 1361 2481 parius.

278 2489 355 2542 nota
375 2479 535 2563 Apollonii
553 2480 693 2565 Tyanaei
715 2480 851 2541 conficta
880 2479 1031 2540 miracula
1050 2489 1153 2563 atque
1176 2483 1285 2564 magis.

361 2602 403 2666 70
446 2601 479 2664 ἐν
496 2602 539 2690 τῷ
559 2603 692 2688 τουβιῖρ]
718 2604 957 2682 Constantinus,
979 2600 1035 2663 τοῦ
1054 2600 1273 2685 ὑποδήματος
1290 2594 1362 2671 ἔτιὸς.

359 2718 398 2780 71
443 2715 673 2797 αἰιοσυιοψίζει
694 2712 829 2784 Λὲωνὸ
859 2713 1021 2802 βασιλέυς]
1040 2732 1186 2803 paterna
1204 2719 1361 2805 praestruit

276 2817 365 2887 atque
385 2817 544 2886 compecto
561 2807 704 2887 privatus
725 2819 814 2880 emt,
845 2805 986 2865 nondum
1015 2804 1138 2865 scilicet
1163 2807 1262 2887 plene
1284 2806 1310 2866 ei
1327 2823 1356 2864 ro

276 2888 386 2949 stituta
407 2898 538 2969 paterna
559 2888 682 2969 gratia,
718 2889 757 2951 ad
780 2910 874 2972 quam
897 2889 925 2949 ei
946 2887 1177 2950 restituendum
1200 2912 1240 2951 ea
1263 2887 1353 2950 viden

277 2969 341 3033 lusa
362 2970 476 3048 fabula,
498 2979 534 3031 ut
553 2971 633 3033 sicut
667 2993 816 3054 proceres
841 2974 871 3032 in
895 2973 1041 3033 convivio
1061 2972 1145 3032 solvi
1173 2994 1307 3035 carcere
1322 2970 1353 3032 al·

275 3055 437 3117 tinuerent
471 3062 594 3198 captata
616 3057 779 3119 occasione
812 3077 846 3118 ex
869 3057 993 3138 psittaci
1014 3058 1156 3119 Leonem
1180 3053 1356 3119 memoranti

277 3160 315 3200 ac
335 3141 422 3202 velut
446 3139 507 3223 dep
521 3140 639 3201 orantis
653 3140 782 3225 garrulo
805 3143 952 3222 strepitu,
976 3141 1020 3201 sic
1043 3141 1184 3223 populus
1207 3143 1242 3203 in
1255 3144 1287 3204 5.
1301 3142 1357 3201 [tae

276 3223 398 3285 solenni
417 3243 576 3307 processu,
598 3227 648 3284 cui
670 3224 796 3285 Basilius
817 3224 1029 3284 devotissimus
1052 3234 1147 3300 esset,
1170 3248 1211 3286 sc
1233 3228 1315 3289 velat
1329 3223 1358 3281 ls-

276 3309 315 3369 sti
336 3309 434 3391 gratia
454 3307 679 3390 indulgentiam
700 3309 875 3370 absolutam
891 3315 1123 3389 paternumque
1140 3308 1313 3371 successori
1326 3327 1357 3367 so

277 3390 354 3452 lium
376 3392 500 3453 ambiat.
544 3389 619 3451 illuc
640 3394 721 3453 enim
745 3392 796 3453 illa
821 3392 1000 3454 exclamatio
1025 3391 1189 3472 collineat,
1213 3386 1359 3474 gustasti

276 3475 414 3554 domine,
439 3475 684 3538 subintroducto
704 3480 811 3539 Leone
834 3497 871 3537 ao
901 3483 1061 3558 praesente
1093 3477 1156 3538 sub
1195 3479 1268 3561 ipso
1288 3472 1359 3558 patris
1405 3477 1406 3480 ’

276 3580 442 3643 processu,
463 3557 663 3642 eiusdemque
694 3561 734 3622 ad
757 3583 824 3622 eam
852 3560 1024 3641 responsio.
1069 3560 1220 3623 eiusdem
1239 3564 1317 3624 vocis
1331 3556 1359 3614 sis
1399 3628 1400 3632 ,

277 3645 422 3726 aperitur
440 3653 473 3706 et
494 3664 566 3726 pag.
587 3639 660 3722 483,
682 3645 737 3706 ubi
759 3644 798 3707 do
815 3644 967 3707 Damiano
989 3644 1109 3725 refuga,
1132 3645 1212 3707 cum
1237 3667 1299 3730 quo
1315 3644 1357 3704 lav
1396 3656 1397 3659 ’

277 3727 371 3791 vellet
390 3729 492 3789 mitius
512 3728 578 3810 agi,
612 3727 729 3790 dicitnr
748 3720 864 3809 ἢθελεν
894 3722 1081 3806 apocrisia
1113 3719 1358 3809 aiaoaosopwii*
1394 3726 1395 3729 ’

277 3831 332 3871 ναι
353 3809 464 3899 circi:
490 3811 732 3896 exprimuntque
754 3813 913 3876 Cedrenus
937 3822 970 3873 et
990 3816 1176 3894 Anonymus
1199 3809 1359 3894 amedeo
1399 3816 1400 3881 ζ

277 3900 386 3972 τυχεῖν
408 3890 514 3956 αὐτόν.
558 3898 635 3957 lianc
653 3901 683 3956 ei
700 3899 894 3958 mitissimam
909 3917 1041 3981 poenam
1056 3897 1183 3978 imponi
1207 3914 1241 3959 ut
1258 3901 1290 3958 in
1307 3914 1357 3956 cus-
1395 3917 1397 3936 ⁴

277 3992 410 4062 spectum
438 3980 545 4040 uenire
571 4003 631 4042 uon
661 3982 775 4041 liceret.
825 4003 857 4041 se
887 3983 997 4041 retiret·
1020 4001 1109 4061 pour
1131 4002 1176 4042 un
1201 3995 1275 4044 tems
1292 3976 1356 4041 deit
1394 3983 1395 3986 ’

277 4081 357 4122 costr.
401 4063 444 4124 sic
463 4067 622 4165 seguentia
645 4064 779 4125 eiusdem
796 4065 950 4148 Anonymi
970 4063 1160 4125 declarante
1183 4059 1357 4146 sno‘qada·
1413 4060 1414 4064 ’

277 4145 386 4220 ponec
407 4145 469 4208 ἀπὸ
493 4160 600 4224 auena
619 4149 722 4228 μῆνας
742 4149 897 4228 τέσσαρας
927 4146 962 4207 ἐν
981 4147 1026 4232 τῷ
1048 4146 1231 4230 Καίσαρος
1249 4148 1357 4224 schist-

279 4248 341 4306 νος,
361 4230 417 4291 καί
438 4227 518 4307 μετὰ
541 4232 642 4293 ταῦτα
663 4233 718 4310 τῆς
737 4232 906 4311 βασιλικῆς
928 4219 1117 4307 ὄψεωςκαὶ
1137 4229 1272 4312 ὁμιλίας
1287 4247 1355 4301 mr

277 4307 387 4395 ξιώθη.
429 4317 537 4378 sicile
559 4317 626 4397 ipso
642 4319 748 4380 Leone
766 4312 912 4400 ἐποίησεν
934 4310 998 4375 ἀπὸ
1020 4305 1134 4396 ὅψεως
1155 4317 1262 4400 μῆνας
1278 4315 1354 4397 spoli?

279 4418 358 4482 quos
377 4400 458 4462 istud
480 4411 620 4464 secutum
642 4409 695 4462 ost.
