2828 4874
523 309 672 375 NOTAE.
764 333 765 336 ¹
1076 307 1150 377 523

140 469 182 533 79
222 463 398 539 ἐκέλευσεν]
428 463 535 548 iniquo
567 463 741 526 sententies
774 462 858 526 uode
880 471 912 526 et
934 463 1155 528 Constantinus

59 559 161 622 solum
184 557 303 614 melum
332 569 367 609 er
385 569 481 610 cervo
502 550 619 622 refert,
642 548 819 632 reliquant
839 546 1088 623 odiossssssitin
1113 551 1157 612 si.

58 643 157 704 leutio
175 635 317 720 premit,
342 631 422 694 illins
453 632 550 715 magis
572 631 699 694 landum
726 643 849 710 orator,
871 653 965 717 quam
988 655 1096 696 rernm
1117 635 1156 698 ah

58 749 98 788 eo
118 730 274 807 gestarum
295 724 399 780 certos
419 724 599 779 enarrator.

143 821 185 885 73
206 816 373 901 depositio,
398 839 492 900 qnam
512 817 741 878 santabarenus
760 817 910 898 poscitut
927 816 1028 878 nudus
1049 838 1155 882 sacer.

59 907 149 969 detio
167 912 271 988 posset
283 901 391 984 poenis
407 900 519 978 addici,
540 908 725 984 argumento
742 906 791 961 est
808 899 956 986 antiquae
971 899 1157 983 traditionis,

56 1001 94 1054 nt
117 1001 190 1052 ante
210 985 447 1071 depositionem,
470 1005 551 1070 qnae
575 993 644 1046 erat
665 984 880 1061 sacerdotnm,
900 984 979 1046 nihil
1000 987 1057 1048 sihi
1078 987 1157 1049 laica

57 1083 198 1160 potestas
214 1070 245 1132 in
260 1073 400 1148 clericos,
420 1069 605 1154 praesertim
625 1067 785 1165 episcopos
805 1068 1015 1150 permitteret
1039 1069 1089 1132 eui
1112 1073 1159 1134 rei

58 1155 265 1220 vindicandae
292 1155 398 1217 studet
422 1153 621 1215 illustrissimi
651 1151 877 1236 archiepiscopi
899 1153 1045 1216 Tolosani
1068 1156 1158 1218 Petri

63 1243 104 1306 de
123 1244 244 1304 Merces
268 1238 413 1300 laboret
438 1257 547 1320 opera.

114 1332 119 1342 ’
148 1337 190 1402 74
232 1337 378 1401 adulterii
400 1336 657 1400 consuetudinem
686 1357 759 1398 cnm
780 1337 844 1398 zos
863 1336 1004 1399 hahuisse
1023 1339 1159 1400 Leonem

66 1425 162 1489 docet
172 1423 332 1488 Cedrenns
350 1423 444 1484 etiam
468 1419 848 1505 viventeTheophanonc,
870 1431 961 1485 ntea
983 1443 1072 1486 eausa
1092 1425 1161 1486 sue·

68 1511 114 1572 rit
132 1508 297 1594 propinati
319 1506 388 1569 viro
410 1505 489 1567 illius
512 1505 634 1568 veneni.

146 1614 186 1678 75
228 1611 264 1676 τὸ
288 1611 540 1694 persuasores]
555 1612 663 1675 titulus
678 1613 814 1674 aLeone
831 1613 987 1692 inventus,
1004 1613 1086 1676 idem
1097 1614 1163 1678 fere

16 1701 30 1730 ⁰
61 1699 118 1786 qni
134 1699 355 1777 ουμπένθερος
375 1719 429 1760 seu
449 1697 544 1759 etiam
565 1691 583 1756 o‘
607 1694 916 1777 nnoodovoordomr:
940 1697 990 1759 oui
1013 1705 1163 1782 tanquam

59 1785 146 1869 patri
170 1783 344 1866 imperator
366 1781 522 1860 deferret,
548 1779 633 1842 euius
657 1781 787 1844 maxime
811 1779 946 1844 consiliis
968 1801 1036 1846 rem
1056 1781 1163 1866 puhli-

62 1889 135 1930 cam
157 1875 291 1950 regeret.

145 1964 187 2029 76
232 1966 353 2037 Kame
378 1963 578 2040 διοικοῦντες]
613 1963 751 2026 indehiu's
771 1965 969 2048 vectigalibus
986 1980 1163 2050 gravanus.

60 2051 103 2118 de
122 2050 278 2134 Symeone
302 2049 393 2133 plura
416 2059 529 2110 auctor
550 2050 633 2110 vitae
656 2049 759 2110 Lucae
780 2047 911 2112 iunioris
935 2061 1011 2114 tom.
1034 2052 1163 2114 ltduct

61 2137 245 2216 decerptae,
268 2157 304 2194 ac
325 2132 513 2217 propediem
534 2133 656 2216 plenius
678 2131 839 2197 Bodlaudo
862 2154 967 2200 meuse
985 2136 1163 2200 Februario

61 2217 297 2304 producendae.

151 2317 192 2381 77
234 2318 389 2403 depositus
408 2332 461 2397 est,
483 2318 583 2381 vetito
605 2317 690 2379 sorte
702 2317 808 2380 Leone
829 2338 901 2380 curn
923 2338 958 2381 ea
979 2315 1167 2379 contrahere

65 2403 108 2466 oh
132 2402 322 2485 praecedens
345 2403 552 2475 adulterium
574 2403 658 2463 forte
680 2401 772 2463 etiam
786 2401 848 2464 viri
861 2403 937 2463 Zo'e's
951 2401 1167 2479 homicidium,

68 2509 146 2570 quae
168 2494 309 2549 monstra
333 2487 426 2548 etiam
447 2485 575 2550 ecelesia
594 2487 703 2547 Latina
718 2495 819 2549 arcet
839 2510 858 2546 a
875 2487 1004 2569 nuptiis.

147 2585 190 2649 78
231 2585 276 2670 τῷ
303 2587 435 2664 βασιλεῖ
454 2585 572 2648 Λέοντι
607 2575 624 2644 ὅ
662 2578 843 2666 Μουσικός]
865 2585 909 2648 sic
929 2587 1009 2648 hene
1030 2583 1168 2668 Anony-

61 2692 155 2734 muss
176 2673 318 2734 aeman
335 2683 403 2732 surse
423 2671 509 2754 apud
529 2669 663 2732 Leonem
686 2671 907 2754 imperatorem
930 2671 1068 2732 Massicus

148 2776 189 2840 79
218 2779 289 2840 ’τοῦ
308 2777 587 2860 τζυκανιοτηρώο]
618 2777 663 2838 ml
681 2777 860 2840 descensum
885 2779 1103 2863 sphaeristerii,
1123 2776 1166 2838 si-

63 2862 193 2947 quidem
223 2856 259 2922 τὸ
282 2861 480 2938 τζυκονίζειν
506 2863 623 2922 semen
654 2869 699 2924 est
719 2861 784 2943 pila
804 2861 924 2924 ledere.
959 2863 1003 2923 sio
1025 2883 1100 2923 vero
1129 2881 1166 2921 er

64 2948 154 3029 equis
173 2946 344 3018 ludebant3
367 2945 511 3028 adeoque
531 2946 629 3007 l'uerit
650 2945 727 3005 haee
749 2965 878 3029 qaoque
900 2944 985 3006 Circi
1005 2965 1088 3027 pars,
1106 2947 1166 3006 'sea

67 3030 147 3116 quid
172 3031 216 3092 illi
237 3031 451 3092 coniunctum.

146 3127 189 3194 80
232 3129 363 3191 emenda
393 3127 606 3210 κρατηθέντος
637 3142 764 3212 coptam
796 3125 956 3190 Nicolaum
978 3129 1167 3191 Hetaerian-

60 3215 153 3276 clurm
175 3216 367 3292 intransitu,
389 3233 460 3274 cum
479 3212 596 3275 Ioanne
617 3214 690 3274 urbe
712 3213 912 3276 cnsandaoit.

152 3313 191 3376 81
237 3307 392 3393 μυστικὸς
412 3302 470 3396 cdv]
496 3311 534 3374 dc
549 3313 608 3374 hac
629 3335 704 3376 voce
724 3314 817 3376 docte
840 3313 875 3376 P.
899 3315 986 3375 Goar
1007 3310 1046 3373 ad
1069 3311 1168 3376 cedi.

68 3421 147 3462 uum
168 3421 240 3483 pag.
263 3395 338 3477 599,
363 3397 418 3460 uhi
441 3399 535 3460 etiam
551 3396 687 3461 militare
708 3399 898 3461 vocabulum
921 3397 1068 3460 ostendit.

149 3498 192 3562 82
234 3496 445 3576 sinescalcus]
471 3497 558 3561 addit
572 3497 731 3560 Cedrenns
753 3497 786 3574 ἐξ
802 3495 953 3579 Ἐφὲσοοι
977 3498 1031 3560 uhi
1055 3517 1168 3578 nempe

64 3583 205 3646 creditus
225 3583 256 3644 S.
278 3585 397 3646 Mariae
410 3583 611 3667 Magdalenae
632 3585 782 3659 tumulus,
804 3585 848 3644 uti
863 3581 973 3644 Lazari
993 3582 1025 3642 in
1046 3581 1164 3664 Cypro.

150 3682 193 3746 83
235 3683 290 3762 τῆς
312 3685 613 3766 μεοοτιεντηκοστῆς]
636 3694 681 3746 cst
705 3683 755 3744 hie
769 3684 833 3745 dies
845 3682 960 3745 Christi
976 3679 1165 3763 disputatio.

67 3767 114 3829 nis
136 3768 288 3828 memoria
309 3779 503 3852 assertaeqne
525 3767 568 3828 illi
588 3767 769 3845 divinitatis,
794 3767 920 3830 Graecis
942 3766 1074 3828 celebris
1097 3785 1166 3827 me-

66 3851 122 3914 dio
144 3861 289 3933 tempore
309 3851 420 3934 pascha
442 3855 525 3914 iuter
546 3860 578 3915 et
605 3861 828 3934 pentecostem,
850 3851 882 3912 in
905 3872 998 3935 quem
1020 3847 1166 3913 laudato.

66 3935 133 3997 rios
154 3955 314 3997 sermones
335 3939 425 3998 Auct.
448 3937 553 3998 tom.l
579 3936 725 4019 produxi.
768 3937 811 3997 sic
833 3944 944 4016 aperte
965 3936 1168 3996 continuator

65 4019 245 4103 Leonisque
267 4019 375 4097 codex,
399 4021 549 4104 quiequid
583 4041 619 4082 ex
641 4041 678 4082 eo
700 4018 780 4080 male
802 4021 989 4102 exscriptam
1010 4019 1058 4080 sit.
1102 4036 1166 4100 qno

67 4106 153 4166 sorte
181 4103 277 4166 modo
310 4112 451 4166 erratum
480 4103 677 4188 ignoratione
704 4103 789 4166 vocis
809 4113 842 4166 et
872 4103 904 4166 in
928 4103 1090 4178 Cedreno,
1113 4101 1167 4162 uhi

68 4189 190 4252 editum
211 4189 416 4271 πεντηκοστῆς
437 4190 529 4274 plura
553 4189 636 4252 enirn
659 4187 820 4252 nescivisse
846 4186 949 4272 legere
972 4209 1008 4250 er
1028 4205 1086 4247 suo
1108 4207 1168 4247 eo-
