2954 4860
478 295 852 366 cunouoounnun.
1165 287 1214 368 45

118 443 372 529 ύποτεταγμέναι.
417 438 510 524 αύτος
531 443 848 534 ύΝαβοοχοδονόσορ
871 451 973 534 τρίτον
994 448 1153 534 ἐπόρθησε
1173 449 1213 515 τὰ

113 544 336 632 Ἰεροσόλυμα,
347 549 473 630 πρῶτον
486 551 547 631 μὲν
561 547 615 614 δτι
634 553 669 616 ἐν
690 553 736 636 τῷ
747 554 840 640 τρίτην
850 547 913 615 ἔτει
921 549 1079 630 Ἐλιακείμ
1093 549 1214 634 ἀνῆλθε

114 648 168 712 καί
184 645 304 728 ἐλαβεν
332 643 435 712 aazia
455 673 490 714 τε
515 649 674 734 Ἰεχονίαν
704 653 759 715 καί
786 651 843 734 τὴν
873 648 988 714 τούτου
1016 653 1138 733 μητέρα
1158 649 1215 716 καί

112 745 171 812 σύν
190 750 238 834 τῷ
258 741 344 834 ἄλλῳ
365 743 480 832 πλήθει
513 749 570 812 τὸν
589 749 756 834 προφη’την
777 743 1213 834 ’1εζεκιὴλ,ε”τοςύ’γαιντη“ς

93 847 277 926 λβαοιλείας
297 850 440 928 πρῶτον·
483 845 630 931 δεύτερον
651 853 688 914 δὲ
710 845 761 914 ύτε
782 851 816 914 riv
836 852 880 937 τη]
898 849 992 938 τρίτρν
1011 851 1090 934 μηνί
1108 849 1212 933 Ἰεχο-

111 951 187 1030 νίαν,
211 950 271 1010 τοῦ
290 946 346 1011 καί
369 946 540 1033 Ἰωακείμ,
569 949 690 1033 α’νῆλθε
719 953 775 1014 καί
805 945 901 1030 ἔλαβε
932 946 993 1014 σύν
1018 945 1137 1034 ἑτέραις
1155 951 1211 1014 τύν

108 1043 235 1129 Δανιὴλ
256 1044 313 1110 καί
335 1049 482 1112 Ἀνανίαν
510 1053 565 1113 καί
585 1047 722 1134 Μισαὴλ
752 1051 810 1114 καί
839 1050 1004 1134 Ἀζαρίαν,
1035 1043 1103 1124 ἔτος
1124 1043 1211 1132 ἄγων

108 1143 205 1221 odric,-
238 1139 348 1229 ὄγδοον
373 1149 429 1230 τῆς
457 1151 645 1229 βασιλείας·
695 1146 732 1214 τὸ
755 1151 791 1214 δὲ
813 1151 918 1234 τρίτον
937 1142 988 1214 ὅτε
1009 1149 1044 1214 ἐν
1061 1151 1104 1237 τῷ
1125 1143 1210 1214 iada.

105 1241 189 1334 ταύτην
210 1243 280 1310 ἔτει
308 1250 367 1314 τοῦ
388 1250 537 1312 Σεδεκίαν
571 1243 700 1333 ἀνῆλθε,
726 1247 783 1314 καί
798 1246 851 1314 τὸν
870 1251 934 1329 μὲν
949 1245 1026 1314 ναύν
1047 1251 1209 1334 ἐνέπρησε,

71 1344 158 1418 turis
177 1349 217 1412 δὲ
240 1345 395 1413 Σεδεκίαν
420 1346 636 1434 ἐξετύφλωσε,
657 1348 713 1414 καί
731 1345 919 1425 τούςοῖούς
940 1349 1040 1414 arisati
1061 1351 1122 1415 σύν
1143 1347 1211 1416 ἑτέ-

105 1471 172 1532 ροις
192 1451 391 1532 κατέσφαξε,
412 1445 466 1512 καί
490 1447 526 1512 τύ
549 1447 661 1512 λοιπὸν
694 1451 818 1534 πλῆθος
840 1447 1001 1533 ἀπήγαγεν
1022 1451 1069 1526 εἰς
1089 1451 1209 1534 αἰχμα-

101 1552 233 1629 λωσίαν,
255 1545 326 1621 ἔτας
348 1540 435 1630 ἄγων
454 1547 553 1624 adria
576 1551 634 1633 τῆς
648 1548 811 1631 βασιλείαις
833 1549 1123 1615 ἐννεακαιδέκατον.

183 1647 477 1732 Ναβουχοδονόσορ
507 1646 588 1732 πρὸς
616 1658 684 1726 τοῖς
717 1649 885 1713 δεκαεννέα
904 1646 1006 1716 ἔτεσιν
1028 1643 1076 1726 οἷς
1096 1649 1207 1734 πρότε.

105 1771 160 1831 ραν
179 1745 347 1832 ἐκράτησε,
377 1744 540 1829 βασιλεύει
560 1745 614 1834 ἔτη
644 1747 745 1814 εἴκοσι
765 1751 821 1814 καί
842 1749 946 1816 πέντε.
989 1749 1206 1835 προεφήτευσε

69 1851 141 1915 tadi
160 1851 210 1912 ε’πί
228 1849 333 1913 aaron
355 1844 384 1912 oi
411 1849 572 1932 εἰρημένοι
593 1849 719 1930 Δανιὴλ
745 1851 801 1912 καί
818 1846 983 1931 Ἱεζεκιήλ.
1026 1848 1205 1932 Μαριαδύχ

105 1950 214 2014 τοῦτον
232 1944 461 2028 διαδεξάμενος
479 1949 644 2029 βασιλεύει
663 1945 718 2034 ἔτη
739 1944 875 2014 δώδεκα.
896 1947 1068 2034 Βαλτάσαρ
1088 1945 1107 2012 ὅ
1128 1948 1204 2016 τού·

101 2072 162 2113 τοο
184 2046 336 2133 α’δελφύς,
356 2045 428 2124 υἱὸς
460 2049 766 2133 Ναβουχοδονόσορ,
788 2050 993 2130 ε’βασιλενοεν
1014 2045 1069 2132 ἔτη
1089 2051 1204 2114 riona·

99 2173 163 2234 ρα·
205 2145 253 2212 ἔτι
273 2145 329 2212 tui
343 2145 458 2212 τούτου
477 2147 602 2232 Δανιηλ
621 2145 833 2232 προφητεύει,
856 2151 910 2212 καί
930 2145 1093 2214 ἐπιλύεται
1114 2150 1205 2236 adrui

102 2246 142 2312 τὸ
165 2243 309 2332 Spartaria*
340 2249 477 2312 δειπνεῖν
506 2248 665 2314 ἐθεάσατο
699 2251 754 2312 καί
784 2250 885 2314 πίνων
915 2249 963 2324 εἰς
991 2247 1032 2314 τύ
1055 2245 1200 2333 ἱερατικοὶ

65 2349 285 2426 λθέκτιιύματα.
344 2350 458 2413 τοῦτον
483 2348 668 2424 ἀκολούθως
699 2355 741 2435 τῇ
776 2350 832 2413 τού
861 2347 1022 2433 δράματος
1053 2345 1203 2435 ἑρμηνείᾳ

106 2444 187 2512 κατα
207 2447 260 2530 τήν
277 2450 434 2533 ἐχομένην
463 2447 562 2514 νύκτα
588 2451 725 2532 Δαρεῖος
748 2448 876 2533 α’νελών,
911 2444 1006 2515 ύτού
1023 2447 1202 2533 Ἀσονήρου

101 2543 182 2632 οίύς,
203 2545 358 2633 ἐκράτησε
377 2551 434 2633 τῆς
457 2547 571 2632 ἀρχῆς.
612 2553 749 2632 Δαρεῖος
767 2547 783 2612 ύ
803 2553 967 2634 εἰρημένος
987 2552 1047 2612 τοῦ
1067 2544 1202 2630 Ἀσουὴ.

96 2668 159 2732 ρον
183 2645 265 2730 uida,
287 2645 323 2724 ὃς
346 2646 506 2735 ἐπεκλήθη
528 2648 712 2734 Ἀστυάγης,
734 2652 938 2732 ἐβασίλευσεν
959 2645 1013 2735 ἔτη
1034 2649 1201 2714 δεκαεπτά.

172 2851 215 2904 lo.
235 2847 335 2913 αὐτοῖς
353 2853 374 2907 C
464 2853 507 2907 λθ.
529 2851 561 2916 ὃς
577 2871 621 2906 om
640 2853 661 2906 C

98 3027 155 3096 gui,
177 3033 328 3095 regnarunt
346 3025 536 3096 subpraesecti.
573 3027 619 3078 bio
643 3026 894 3080 Nabuchodonosor
913 3027 1024 3079 tertium
1044 3026 1203 3094 Hierosoly·

96 3117 141 3150 ma
163 3098 278 3150 delerit.
320 3098 433 3166 primum
458 3099 569 3170 quidern
601 3116 683 3166 quarn
711 3102 792 3151 tertio
818 3116 890 3150 auno
918 3097 1034 3150 Eliakim
1062 3099 1200 3166 proiectus

98 3179 189 3232 esset,
220 3179 249 3220 et
271 3170 388 3237 cepisset
418 3171 505 3239 iprum
524 3170 680 3222 lechoniarn
705 3171 810 3222 eteius
832 3180 943 3220 matrem
964 3177 993 3220 et
1015 3171 1201 3238 cumroliqua

96 3241 279 3292 multitudine
290 3240 406 3291 ieseiriel
423 3241 593 3312 prophetam,
611 3259 683 3292 auno
698 3244 771 3308 regni
792 3241 833 3292 sui
846 3241 1099 3310 primo;secuudum
1117 3257 1200 3310 quum

97 3314 182 3363 tertio
204 3327 297 3362 manse
317 3311 471 3376 iacboniae,
490 3314 538 3384 qui
558 3313 639 3365 etiam
661 3312 764 3363 ioaiim
785 3311 897 3376 dicitur,
920 3311 1058 3380 proiectus
1077 3328 1135 3363 curn
1155 3327 1201 3362 τε·

97 3385 164 3435 teris
184 3381 329 3434 Danielem
350 3392 377 3434 et
395 3385 519 3436 Ananian
538 3393 567 3436 et
586 3385 724 3434 Minacium
745 3383 772 3434 ei
789 3386 905 3434 Asariam
924 3383 1048 3451 cepisset,
1067 3398 1138 3433 anuo
1157 3399 1200 3433 rs-

95 3456 142 3522 gui
164 3451 249 3520 sui83
270 3455 381 3504 tertium
400 3455 519 3524 denique
540 3473 623 3524 quum
640 3456 670 3504 11
690 3473 760 3506 anno
777 3452 912 3506 Sedeiiao
931 3454 1156 3524 proficisceretur,
1172 3460 1201 3504 et

94 3526 232 3594 tempium
250 3525 420 3589 incenderet,
442 3525 585 3577 Sedekiam
607 3534 765 3578 excaecaret
782 3527 879 3578 eteius
901 3525 972 3577 iiiios
991 3543 1051 3576 curn
1072 3525 1133 3576 aliis
1151 3539 1202 3574 ue·

95 3606 205 3682 caret&
224 3597 360 3667 reliquam
387 3597 591 3650 multitudinem
617 3599 647 3650 ia
684 3597 796 3649 axilium
828 3597 959 3659 duceret,
989 3611 1060 3648 anuo
1093 3593 1125 3646 19
1157 3612 1202 3646 τε-

134 3685 215 3720 rsus.

96 3685 132 3736 gu
168 3737 425 3792 Nabuchodonosor
450 3746 595 3808 postquam
626 3735 658 3788 19
688 3753 772 3790 annos
799 3746 879 3790 antea
909 3738 1040 3805 regnavit,
1058 3737 1093 3788 25
1114 3752 1200 3787 annos

94 3810 240 3880 imperium
260 3811 392 3861 obtinuit.
429 3809 633 3879 prophetabant
651 3817 742 3860 autem
759 3811 806 3878 qui
822 3810 876 3861 iam
898 3810 1033 3862 nominati
1053 3816 1126 3870 sunt,
1145 3807 1200 3858 Da-

95 3883 154 3932 uiei
175 3881 347 3934 etiesekisi.
384 3879 530 3932 Marodacb
548 3881 622 3930 bunc
640 3890 747 3931 secutus
768 3881 800 3932 12
817 3897 902 3933 annor
929 3881 1059 3950 regnavit.
1080 3878 1201 3931 Baltasar

97 3951 158 4002 eius
185 3953 291 4015 iratur,
309 3951 562 4004 Nabuchodonosor
579 3951 652 4003 sdius
668 3949 687 4002 4
705 3968 791 4003 annos
812 3953 940 4021 regnavit.
979 3951 1059 4002 etiam
1077 3950 1128 4002 sub
1147 3948 1200 4000 boc

94 4023 194 4074 Daaiai
214 4025 393 4094 prophetavit
412 4031 440 4075 et
458 4025 622 4092 explicatum
644 4029 685 4072 est
704 4024 729 4074 ei
749 4025 844 4085 visiun,
862 4023 936 4093 quod
956 4038 1074 4074 coenans
1095 4019 1200 4072 viderat

95 4102 123 4144 et
141 4093 240 4146 bibens
266 4113 299 4145 ox
330 4094 544 4147 sacerdotalibus
575 4093 690 4163 poculis.
732 4093 821 4156 huuc,
841 4095 974 4147 utvisum
995 4100 1199 4153 monstraverat,

95 4165 251 4237 insequenti
272 4174 376 4230 nocte,
394 4167 489 4219 Darius
502 4167 599 4220 Asueri
618 4165 689 4218 filius
709 4165 857 4230 interiecit,
875 4173 904 4219 et
921 4181 1003 4238 reguo
1024 4165 1127 4237 potitus
1146 4170 1195 4214 est.
