2828 4874
270 293 344 366 524
510 295 567 360 su
595 281 760 360 neonus
789 289 1101 358 orannnnsnn

269 472 340 533 dice
362 489 434 530 enm
469 468 525 552 qui
548 467 653 551 primo
675 465 772 530 edidit
798 465 918 549 iiqnets
940 463 1024 528 unde
1046 474 1080 526 et
1101 465 1306 528 stomachum
1328 470 1369 529 is.

270 557 323 631 cit,
347 551 434 636 quod
469 551 551 614 nulia
582 552 693 614 maiori
721 549 891 612 collatione
923 571 995 611 cum
1016 569 1078 610 mss
1098 549 1195 611 codd.
1220 571 1321 635 exque
1339 554 1367 614 iis

271 636 490 702 emendatione
510 659 527 697 a
549 640 662 699 nostris
685 655 810 697 recusus
833 645 887 696 est.

351 717 395 782 84
433 719 494 802 aiv
519 713 648 805 ἑορτὴν]
679 720 790 781 otarius
811 721 991 801 Anonymns
1022 709 1083 798 τὴν
1103 710 1263 799 τοιαύτην
1284 719 1365 800 npti-

268 807 386 867 λευσιν.

352 887 394 950 85
435 875 601 968 ἄσηπτος]
629 885 805 949 cedrenus:
833 878 910 966 ἐβίω
936 875 1052 964 χρόνον
1071 877 1201 962 συχνὸν
1222 885 1294 962 μετ’
1312 878 1360 946 ai-

267 971 323 1034 τοῦ
342 968 498 1052 α’στεφήςι
520 969 577 1032 diu
591 991 660 1032 cum
680 992 715 1032 eo
727 971 812 1032 vixit
830 967 965 1030 nondum
984 965 1102 1030 donata
1114 969 1263 1049 nuptiali
1282 971 1359 1032 mnt-

268 1057 314 1134 lo,
329 1062 384 1116 aot
400 1054 564 1116 celebratis
582 1074 650 1116 cum
663 1077 700 1118 eo
722 1055 851 1136 nuptiis:
875 1050 914 1112 de
927 1050 987 1113 bac
1007 1051 1100 1128 enim,
1126 1072 1195 1111 non
1219 1051 1261 1114 de
1282 1053 1360 1136 impe

271 1138 339 1204 riali
362 1158 479 1199 corona
501 1159 604 1200 sermo
628 1147 682 1217 est,
704 1134 853 1221 quicquid
873 1136 929 1196 sibi
944 1136 1099 1217 interpres
1124 1133 1314 1200 induberit:
1331 1139 1359 1198 de

271 1245 333 1306 qna
356 1222 447 1283 etiam
472 1221 670 1302 postmodum
693 1222 849 1302 subditur,
871 1219 1011 1308 deposito
1033 1218 1186 1280 ministro
1209 1222 1265 1302 qni
1287 1241 1358 1282 coro-

234 1331 236 1336 ’
272 1327 348 1368 nare
371 1306 630 1388 praesumpsisset,
652 1307 780 1388 ipsoque
799 1306 904 1366 Leone
937 1303 1029 1364 sacris
1049 1301 1237 1385 prohibite,
1263 1306 1358 1366 abbor.

271 1399 360 1452 rente
380 1389 497 1450 scilicet
522 1411 540 1450 n
564 1391 682 1474 quartis
706 1383 819 1472 nuptiis
836 1391 956 1450 Graeca
980 1388 1107 1470 pietate,
1133 1409 1221 1471 quae
1243 1394 1288 1450 vir
1307 1397 1357 1450 ter·

270 1473 326 1536 tias
347 1472 433 1534 indui
457 1481 496 1533 et.

232 1623 236 1628 ,
349 1553 391 1617 86
434 1551 671 1632 απεσυνὸψισεν
691 1553 727 1618 δὲ
749 1555 783 1616 ἐν
803 1556 841 1640 τῇ
867 1551 1101 1634 ndsoxporopr'o
1124 1554 1189 1615 τοῦ
1210 1557 1359 1635 βασιλέως]

268 1637 382 1702 borum
405 1640 611 1722 interpretem
641 1638 734 1700 alium
757 1639 852 1700 nolim
884 1659 976 1722 quam
998 1638 1072 1700 Vat.
1104 1640 1359 1716 continuatorem,

270 1746 306 1786 ex
328 1745 391 1808 quo
413 1725 456 1784 sic
469 1725 604 1784 Leonem
626 1725 781 1806 scripsisse
803 1723 931 1785 omnino
955 1721 1103 1796 coniicio,
1127 1717 1198 1782 α’πὸ
1214 1715 1358 1800 cordurus

269 1807 304 1870 ἐν
324 1809 362 1892 τῇ
384 1803 584 1891 κουρατωριζι
617 1809 674 1868 τοῦ
694 1807 861 1884 βασιλέως.
913 1809 974 1887 egit
992 1827 1110 1866 meuses
1130 1821 1279 1891 quatmor
1296 1808 1355 1868 aula

269 1893 409 1952 exclusas
445 1893 478 1951 in
498 1890 626 1953 Bardae
647 1891 759 1967 domo,
808 1911 868 1951 uae
889 1891 1084 1975 imfflrataris
1109 1893 1240 1972 peculii
1258 1889 1354 1960 aedri

263 1977 387 2058 privati
405 1987 481 2036 erat.
522 1975 566 2034 sic
587 1996 699 2056 nempe
722 1915 869 2036 coniecto,
892 1973 995 2034 Barda
1015 1993 1063 2034 eas
1086 1973 1151 2034 sibi
1179 1975 1270 2037 aedes
1287 1972 1348 2034 Basi-

268 2059 326 2120 tius
349 2056 527 2130 addixerat;
550 2059 675 2142 hocque
696 2066 741 2120 est
763 2057 971 2138 aovpnrmpr'a,
992 2057 1039 2118 uti
1060 2057 1179 2119 videre
1205 2070 1251 2120 est
1269 2053 1347 2140 ptlt

267 2151 301 2204 et
319 2139 393 2204 504.
438 2145 552 2204 mirum
577 2141 833 2226 quamexcedant
876 2163 934 2202 uae
954 2141 1011 2206 sibi
1033 2141 1201 2224 interpres
1222 2161 1354 2204 commen-

268 2233 319 2288 tus
342 2235 399 2289 est.
449 2226 520 2287 vide
548 2217 580 2288 ei
609 2237 717 2288 notata
749 2247 819 2310 pag.
840 2163 922 2301 did,
945 2225 998 2286 ubi
1030 2233 1061 2286 et
1095 2229 1204 2287 relata
1228 2221 1355 2307 Anonymi

267 2311 363 2372 verba
385 2311 497 2394 quibus
522 2310 573 2372 hic
593 2311 690 2372 nitor.
734 2331 793 2370 vox
814 2307 1037 2390 μητατορίκιον
1054 2308 1091 2375 Ρ.
1107 2313 1206 2372 Goar
1227 2309 1353 2393 explicati
1389 2379 1392 2388 Ι

268 2394 301 2460 in
321 2395 518 2479 Euchologio
542 2403 573 2456 ot
594 2394 676 2476 apud
699 2392 887 2455 Cedrenum.

351 2493 391 2556 87
434 2491 553 2578 χιόνος]
586 2493 744 2557 Cedrenus
772 2489 891 2573 χρόνου
924 2492 1020 2575 legit,
1039 2513 1111 2575 cum
1137 2495 1186 2560 sic
1207 2488 1357 2556 effertasi

267 2572 348 2639 nota·
373 2578 517 2657 παρῆλθε
529 2574 649 2658 καιρός.
692 2579 785 2640 etiarn
802 2581 991 2659 Anonymus,
1010 2569 1132 2656 χρόνον
1157 2576 1196 2638 δὲ
1218 2574 1353 2652 ἐπικειμέ-

270 2679 327 2722 νου
353 2660 483 2722 πολλοῦ.
525 2662 578 2722 ubi
601 2661 793 2724 restituenda
808 2663 938 2743 'negatio
966 2682 1001 2722 ex
1025 2659 1122 2722 allato
1146 2662 1320 2724 Cedreous.

352 2758 394 2822 88
435 2758 491 2822 τοῦ
511 2754 597 2839 ἕξειν
619 2751 748 2842 ἄνδρας]
773 2764 951 2844 Anonymus
972 2759 1029 2821 ron*
1047 2753 1139 2838 ἔχειν
1161 2751 1351 2840 yurot'xoir-

268 2840 359 2923 δρας.
403 2843 527 2926 quidsi
548 2853 718 2929 utrumque
739 2845 860 2907 sancire
880 2845 999 2924 voluit,
1019 2845 1181 2928 pariaque
1206 2843 1353 2907 votuittr.

268 2926 373 2990 minae
392 2929 518 3010 virique
543 2929 625 3008 iura,
639 2942 701 2991 tum
722 2931 868 2990 nimirum
888 2929 991 2990 virum
1005 2942 1064 2990 tres
1082 2943 1282 3010 quattuorve
1300 2947 1353 2989 ase

267 3031 314 3072 res
332 3035 420 3097 posse
440 3013 564 3086 ducere,
587 3027 649 3076 tum
668 3033 799 3074 uxorem
821 3013 946 3074 totidem
959 3005 1054 3076 aiims.
1099 3033 1169 3073 non
1192 3008 1280 3074 κατὰ
1299 3031 1352 3072 rae
1407 3045 1410 3062 .

266 3092 332 3172 τόν,
355 3097 447 3158 simul
474 3111 504 3158 ec
531 3099 645 3175 semet,
669 3097 756 3180 quod
787 3096 866 3158 male
886 3095 999 3158 adiecit
1028 3095 1198 3157 Cedrenus
1225 3099 1354 3178 (ineptae

267 3178 331 3240 hoo
351 3180 475 3262 opinari
506 3180 545 3242 de
568 3183 636 3240 viro
669 3181 787 3264 alioqui
816 3181 957 3262 sapiente
987 3201 1023 3242 ac
1052 3180 1162 3260 probe
1183 3181 1356 3250 Christiano,

160 3329 168 3346 Ἀ
268 3264 320 3325 cui
350 3274 382 3326 et
417 3263 585 3326 doctissimi
615 3264 675 3324 viri
696 3263 959 3347 astipularentur,
987 3273 1023 3323 ut
1056 3267 1126 3344 ipse
1152 3265 1279 3327 fatetur
1299 3267 1354 3332 Leo,

268 3367 382 3431 nempe
404 3347 621 3409 Occidentaies
645 3347 700 3431 qui
724 3370 787 3410 non
809 3356 962 3431 respuunt
986 3356 1117 3430 quartas
1142 3351 1283 3431 nuptias,
1303 3347 1354 3407 atii-

268 3451 329 3513 que
351 3432 386 3494 iis
408 3429 523 3493 addicti
549 3453 585 3492 ac
605 3431 736 3494 sanioris
765 3434 887 3506 mentis,
911 3451 989 3516 quos
1012 3452 1073 3492 non
1099 3432 1223 3494 lateret
1246 3425 1355 3494 noman

267 3515 398 3577 manime
420 3515 577 3597 pontificis
601 3517 770 3578 auotoritas
786 3515 983 3598 dispensandi
1005 3517 1035 3574 in
1058 3515 1094 3575 iis
1126 3537 1215 3600 qnae
1237 3529 1306 3579 sunt
1322 3517 1356 3573 in-

267 3600 310 3658 ris
331 3599 480 3660 duntaxat
501 3599 707 3678 ecclesiastici,
731 3619 789 3661 nec
810 3600 841 3661 id
864 3599 1054 3669 universalis,
1079 3599 1138 3660 sed
1160 3597 1355 3684 peculiarisit

269 3681 412 3759 Oriente,
433 3685 478 3744 uti
503 3682 584 3744 istud
608 3683 647 3745 de
668 3683 767 3744 tertiis
789 3693 821 3746 et
837 3685 953 3766 quartis
974 3683 1092 3765 nuptiis
1117 3687 1238 3764 vetitis)
1261 3685 1308 3748 sed
1325 3683 1355 3739 ib

267 3773 305 3825 ut
324 3766 478 3829 defunctis
503 3769 579 3830 aliae
601 3767 665 3828 aliis
686 3765 900 3844 succederent,
922 3769 984 3828 sive
1007 3767 1105 3828 etiam
1131 3771 1185 3830 aiii
1209 3771 1285 3846 aliis,
1306 3769 1353 3846 tage

268 3848 320 3910 iiia
351 3851 514 3912 universali
548 3850 736 3934 praesidium
766 3871 916 3934 quaerens
939 3851 1058 3934 quartis
1080 3851 1143 3912 iliis
1166 3857 1232 3917 suis
1254 3849 1353 3935 nuptiis

270 3953 403 4016 quarum
425 3937 550 3998 nomine
566 3936 709 3996 Nicotaus
733 3935 912 4017 patriarcba
927 3935 1128 3998 anathemate
1152 3937 1294 4008 ferierat;
1313 3931 1353 3993 rd-

271 4037 373 4101 coque
400 4021 559 4102 scripserit
583 4020 742 4082 Cedrenus
764 4019 851 4103 quod
878 4027 909 4081 et
930 4019 1149 4102 Curopalata‚
1180 4028 1253 4084 κατ’
1279 4010 1352 4080 addi

195 4103 202 4116 “
266 4101 398 4186 per-truie
420 4126 456 4162 ac
476 4106 551 4188 ipse,
575 4103 628 4188 qni
652 4105 695 4166 sic
716 4114 870 4186 quattuor
892 4124 1004 4166 uxores
1033 4103 1183 4167 duxerat.
1230 4101 1351 4168 haeresin

272 4197 365 4248 vocnt
387 4189 460 4269 Leo,
483 4189 529 4250 uti
552 4189 741 4254 i'ereGraeci
761 4187 955 4266 calentiores,
976 4187 1133 4274 quicquid
1150 4192 1248 4254 etiam
1267 4201 1349 4254 eonio
