2954 4860
448 317 820 384 cnuououuauma.
1126 313 1177 386 39

80 470 213 554 μύρεται
239 469 447 554 ἧγησαμδνοιι
476 472 511 536 δν
529 469 693 558 παρτξύδῳ
721 469 798 546 τούς
815 467 953 555 χρόνους
977 469 1176 554 ύπιδραμείν.

80 571 317 653 τελευτήσαντος
341 572 402 634 τού
437 575 596 653 βασιλέως
615 572 814 652 Σολομῶντος
843 570 982 652 Ῥοβοάμ
1009 571 1032 632 ά·
1059 568 1175 636 τούτου

81 681 148 746 ταῖς
173 670 346 752 ἀνέρχεται
370 669 416 746 είς
443 673 577 750 Elissae·
633 672 702 734 ἐκεῖ
727 670 788 754 γάρ
822 668 840 736 ύ
862 670 936 746 λαὸς
963 667 1175 760 συνηθρορστο

50 853 52 860 X
78 767 154 836 ύστε
174 773 374 851 καταστῆναι
393 767 450 834 sirr'
469 769 574 836 αύτούν
592 774 739 854 βασιλέα.
760 769 911 851 μέλλοντί
927 772 962 836 δὲ
977 771 1063 858 αύτῷ
1084 773 1144 852 χρί
1158 811 1176 827 .

52 863 150 942 'areu
172 868 359 954 προσῆλθεν
379 867 397 933 si
416 869 494 946 λαός
513 876 707 955 παρακαλῶν
740 870 802 936 uiuri
822 874 882 935 τού
901 870 1042 953 πλήθους
1062 891 1177 953 κουφι-

79 974 191 1055 οθῆναι
213 972 281 1034 τοῖν
313 970 512 1052 τελεσμάτοοτ
531 963 613 1037 eieci
637 971 737 1057 πατὴρ
769 971 871 1036 αύτού
892 972 1041 1051 Σολομῶν
1060 966 1176 1054 ἔφορο-

78 1070 157 1154 tiras
180 1067 242 1135 τὸν
263 1069 352 1136 λαόν.
403 1070 421 1134 ά
450 1073 486 1138 δὲ
503 1081 590 1155 τρεῖς
611 1074 732 1158 ἡμέρας
750 1075 830 1156 πρὸς
851 1066 1022 1151 διάσκεψιν
1040 1071 1097 1133 καί
1116 1067 1176 1152 την

74 1173 127 1237 τού
149 1174 282 1246 δέοντος
317 1172 486 1257 α’πύτρισιν
514 1173 632 1255 λαβών,
654 1171 710 1236 καί
730 1171 818 1255 παρά
840 1173 899 1252 μὲν
920 1173 982 1236 τεάν
1002 1171 1176 1252 πρεσβυτί·

71 1296 136 1354 ριιτ
155 1269 303 1349 άτούσας
333 1273 547 1358 κουφισθῆναι
579 1271 637 1338 τάν
657 1271 749 1353 λαύν,
770 1269 858 1357 παρά
880 1272 916 1337 δὲ
935 1276 999 1338 τῶν
1019 1269 1178 1357 ὁμηλίκων

36 1369 283 1458 Ιθδπιφορτίσαι
314 1373 457 1457 μάλλον,
486 1373 609 1448 τούτοις
629 1375 772 1445 πεισθείς
790 1370 872 1438 κατά
891 1368 949 1455 τη“ν
968 1372 1077 1456 τρίτην
1098 1364 1177 1452 ἠμί·

70 1497 131 1558 ραν
150 1470 214 1556 την
235 1474 303 1537 τῶν
335 1475 487 1538 νεολιπαν
509 1476 709 1554 συμβουλίαν
735 1469 813 1555 πρὸς
833 1467 889 1536 τάν
906 1467 986 1534 λαύν
1006 1469 1178 1550 άποκρίνε-

69 1597 134 1638 ται.
177 1569 210 1637 ui
246 1573 284 1636 δὲ
315 1573 538 1656 α’ναχαρούσιν
568 1573 801 1654 α’ποταξάμενοι
829 1573 866 1659 τῇ
898 1567 953 1636 ύτί
973 1573 1059 1658 αύτῷ
1079 1571 1176 1654 α’ρχῇ,

69 1673 125 1738 ταί
144 1669 180 1736 ai
201 1672 265 1754 μὲν
287 1674 366 1736 δέκα
386 1675 490 1758 φυλαί
501 1674 696 1740 καθιστῶσιν
711 1675 766 1758 ἐφ’
783 1668 907 1737 ἱαττούν
927 1669 984 1736 τάν
1001 1669 1177 1753 ιίεροβοάμ

71 1771 129 1838 τάν
146 1775 204 1837 τού
227 1769 349 1854 Ναβάτ
366 1770 423 1836 καί
442 1775 583 1856 Σαρίρας
596 1769 745 1856 γυναικὸς
767 1768 894 1855 ἑταίρας
915 1769 993 1851 visis,
1014 1773 1049 1836 ἐκ
1071 1772 1178 1856 φυλῆς

38 1870 263 1955 ιδύρμύμεναν
293 1874 350 1955 τῆς
377 1872 534 1959 Ἐφραίμ,
554 1877 706 1958 βασιλέα,
734 1875 955 1956 παραμένουσι
985 1872 1021 1935 δὲ
1043 1873 1087 1957 τῷ
1108 1869 1179 1934 Ῥο-

76 1972 164 2054 βοάμ
183 1969 204 2054 ἢ
224 1973 282 2036 τοῦ
304 1970 415 2038 Ἰούδα
436 1976 493 2038 καί
511 1977 571 2039 τού
581 1973 735 2055 Βενιαμίν
756 1970 850 2056 φολὴ.
893 1975 927 2050 ἐξ
947 1970 1065 2037 ἐκείνου
1089 1971 1178 2033 διαι.

73 2069 221 2158 ρεθείςύ
243 2070 323 2148 λιτάς
343 2071 409 2161 turp
433 2076 564 2138 ἕκαστον
590 2077 686 2156 μέρος
706 2075 763 2137 καί
790 2072 824 2137 τά
849 2063 950 2152 ὄνομα
971 2069 1026 2134 καί
1044 2067 1100 2135 τάν
1122 2072 1179 2153 τῆς

71 2174 242 2255 βασιλείας
270 2166 357 2237 οἶκον
377 2174 541 2259 ἐκίκτητο,
561 2169 706 2257 καθάπερ
729 2174 764 2238 δν
787 2181 853 2248 τοῖς
873 2171 1022 2254 α’νατίρα
1041 2167 1177 2252 εἴρηται.
1262 2201 1266 2208 ·

153 2266 325 2353 Ἶεροβοάμ
346 2273 453 2337 τοίνυν
472 2272 488 2338 a‘
512 2271 691 2356 τούΝαβύτ
709 2270 873 2355 βασιλεύει
894 2267 928 2336 ἐν
950 2273 990 2356 τῇ
1011 2269 1179 2354 Ιἳαμαρείιηι

39 2364 141 2452 wira
161 2366 221 2450 xii·
255 2375 304 2436 ἐπί
341 2372 456 2438 τούτου
493 2372 688 2461 προφητεύει
720 2372 737 2436 (i
764 2375 942 2458 Σιλανίτης.
994 2370 1048 2436 δαί
1076 2362 1179 2433 αύτού

82 2470 259 2552 Σονλατειμ
280 2469 297 2536 ὅ
329 2469 506 2555 Αἰγύπτιος
525 2475 720 2558 στρατεύσας
749 2473 804 2538 ε’πί
820 2468 1037 2558 Ἰερουσαλὴμ
1058 2469 1178 2544 πάντας

78 2569 269 2654 α’φαιρεϊται
291 2574 350 2636 τού
373 2577 455 2637 ναού
476 2572 552 2650 τούς
571 2573 757 2658 θησαυρούς
777 2569 833 2638 καί
846 2571 921 2648 τούς
942 2575 999 2636 τού
1020 2571 1179 2652 βασιλέως

75 2671 186 2734 αύτοάτ
202 2669 384 2756 Ἶεροβοάμ.
427 2675 545 2759 Ναβάτ
566 2673 623 2739 τάν
638 2670 812 2758 Ἶεροβοάμ
832 2668 1054 2754 διαδεξάμενος
1075 2664 1091 2733 ύ
1109 2663 1179 2743 υίὸς

150 2838 193 2892 16-
213 2839 434 2914 δισγρευθεὶςῦ

77 2995 155 3059 ortis,
174 3013 232 3048 nou
258 2997 382 3068 ineptum
399 2998 522 3064 videtur,
546 3000 628 3053 etiam
645 2999 780 3052 Samariae
807 3013 897 3068 regum
918 2995 1179 3064 brevitatempore

78 3083 251 3119 enumerare.
288 3080 395 3122 mortuo
422 3071 582 3123 Soiomoote
607 3087 668 3139 rege
693 3071 843 3132 ithoboam,
872 3069 930 3120 eius
949 3069 1031 3128 fitius,
1050 3064 1179 3117 Sikisnam

77 3155 110 3190 se
129 3139 257 3201 eontulit,
274 3139 312 3191 ihi
331 3143 403 3194 snim
421 3143 489 3210 regis
507 3141 616 3195 creandi
635 3157 714 3192 causa
739 3148 902 3192 convenerat
919 3139 1046 3208 popuius.
1063 3151 1181 3205 cumque

78 3210 133 3261 iaus
151 3209 182 3261 in
200 3227 234 3261 εο
253 3220 335 3272 esset,
366 3221 397 3266 ut
415 3222 569 3282 ungeretur,
586 3213 656 3266 adiit
676 3229 737 3264 eum
756 3213 874 3281 populus
894 3211 1029 3280 petiitque
1049 3216 1080 3259 ut
1098 3207 1182 3258 dimi-

77 3289 181 3334 nueret
205 3281 371 3335 tributorum
394 3285 613 3346 multitudinem,
642 3301 713 3354 quas
733 3284 862 3334 Salomon
888 3283 990 3352 populo
1006 3281 1182 3348 imposuerat.

77 3353 232 3423 quiquam
263 3353 381 3408 triduum
409 3355 461 3408 tibi
487 3357 522 3408 ad
543 3358 741 3426 reputationem
766 3362 795 3405 et
813 3355 1016 3422 responsionem
1034 3349 1184 3410 sumsisset,
1216 3387 1218 3392 .

78 3429 109 3476 et
126 3440 143 3474 a
161 3424 318 3477 senioribus
336 3427 456 3480 audisset
472 3429 646 3480 relevandum
667 3443 725 3478 esse
744 3426 884 3496 poputum,
902 3424 936 3474 ab
954 3420 1114 3492 aequalibus
1132 3435 1184 3469 au-

79 3504 145 3556 tem,
167 3496 253 3563 magis
273 3497 469 3566 premendum,
487 3499 529 3550 his
552 3501 698 3552 obsecutus
718 3498 799 3548 tertio
820 3497 865 3548 die
884 3495 1021 3546 iuniorum
1040 3491 1185 3543 consilium

81 3574 113 3618 ut
130 3583 294 3640 responsam
322 3570 426 3638 popuio
451 3572 566 3640 aperuit.
616 3571 657 3620 iiii
684 3577 773 3620 autem
800 3567 952 3618 secessione
978 3565 1048 3616 iacta
1073 3562 1108 3612 ab
1126 3561 1185 3611 eius

83 3639 199 3706 imperio
218 3637 388 3692 deiecerunt.
408 3650 464 3692 tum
484 3643 517 3693 10
532 3641 617 3692 tribus
636 3659 722 3708 regem
740 3639 793 3690 sibi
813 3639 1015 3689 constituerunt
1034 3634 1186 3695 lembum,

81 3709 173 3761 Nahat
192 3719 222 3761 et
240 3711 346 3762 Sasima
367 3713 474 3781 pellicis
495 3714 591 3776 iiiium,
609 3729 642 3764 ex
663 3711 789 3780 Ephraim
807 3709 880 3762 tribu
900 3707 1055 3760 oriundum.
1083 3719 1187 3756 reman-

80 3787 177 3832 serunt
195 3781 271 3852 apud
290 3783 428 3835 iihobosm
448 3784 512 3836 Iuda
530 3794 559 3837 et
574 3785 714 3836 Beniamin
734 3781 828 3834 tribus.
866 3797 899 3832 ex
917 3780 966 3830 iiio
986 3787 1108 3846 tempore
1129 3773 1187 3825 siis-

79 3853 177 3904 iuacto
201 3854 307 3922 populo
338 3863 454 3926 utraque
481 3873 542 3925 pars
563 3870 663 3908 nomeu
690 3861 719 3905 et
747 3853 847 3920 regiam
869 3851 1008 3922 proprium
1031 3847 1137 3912 habuit,
1156 3851 1188 3897 ut

82 3939 166 3993 supra
185 3923 291 3975 dictum
311 3933 360 3976 est.
1192 3921 1193 3926 ’

150 3995 295 4048 lsrobosm
316 3999 408 4065 igitur,
426 3993 515 4048 Nubat
534 3997 616 4060 iilius,
635 3993 768 4048 Samariae
784 3992 904 4062 regnavit
920 4009 1005 4044 annos
1022 3990 1066 4044 22.
1085 3987 1135 4040 sub
1154 4003 1188 4038 eo

79 4065 264 4136 prophetavit
287 4067 428 4118 Siiouites.
473 4068 525 4120 sub
553 4069 650 4119 eodem
680 4067 801 4118 Saluium
824 4065 970 4132 Aegyptius
989 4079 1049 4114 cum
1069 4061 1188 4113 exercitu

81 4137 224 4206 proiectus
258 4122 448 4205 tiisrosoiyuh
476 4155 570 4191 omues
590 4139 684 4208 tempii
704 4137 844 4188 thesauros
864 4135 978 4188 abstulit
1000 4141 1028 4185 οι
1046 4132 1189 4184 leroboam

82 4207 163 4280 lesit·
215 4207 311 4266 Natu
335 4219 441 4282 patruo
466 4210 608 4266 leroboaus
645 4209 753 4283 excepit
781 4205 906 4279 duosque
943 4221 1030 4258 auuos
1059 4205 1188 4274 raguseis.
