2826 4868
176 309 231 371 DE
248 305 556 372 THESSALONle
586 307 614 370 ll
642 307 802 380 LdTlNlS
823 307 968 375 cluat.
1036 299 1124 382 433,
1156 369 1160 380 .

9 455 48 523 τό
72 457 187 522 νοσοῦν
208 457 471 539 ἀνακομίσασθαι.
514 461 570 524 καί
589 459 647 523 οόκ
667 456 732 525 ἔστι
753 462 960 545 όιαπιστῆσαι
979 461 1054 541 τοός
1074 456 1112 526 eal

10 552 248 640 κατεγνωκότας
279 560 314 623 τό
339 560 475 644 Ιπρόῖγμοι
502 556 546 636 ῶς
570 558 653 624 πάνυ
683 583 712 623 τι
741 561 848 643 βραχό
875 559 1032 645 προδότου
1056 569 1113 627 τοῦ

11 661 138 738 κυρίοις
171 659 337 741 διενεγκεῖν
365 659 383 722 ὅ
406 661 514 726 dauid
541 659 691 746 φαίνεται
723 665 797 724 καθ’
823 661 929 744 ἡμῶν,
948 664 980 727 εἰ
998 663 1043 745 μή
1065 687 1113 738 τις

14 749 85 838 ὅρα
106 757 298 842 θερμότερον
323 757 501 842 ἐπιβάλλων
534 759 578 839 ῶς
602 756 636 824 ἕν
660 779 721 824 τινι
746 759 911 842 πλάστιγγι
941 759 1115 846 παρισόζοι

15 858 141 922 ἐκεῖνον
162 858 208 932 είς
235 856 394 944 προδότην
425 860 626 944 αὐτόχρημα.
674 862 751 941 δίχα
779 857 841 942 γόρ
864 863 1042 926 συνθεσιῶν
1062 860 1117 926 ἐπί

14 953 130 1039 ῥητοῖς
164 961 220 1022 καί
240 956 409 1042 μηνόσεων
434 965 610 1044 γνωρίμων,
640 956 723 1042 aidi>
747 962 802 1023 κατ’
823 957 907 1024 ualui
929 960 1038 1024 πολλοί
1058 985 1117 1024 κα-

14 1059 210 1138 τηγοροῦσιν
238 1061 375 1138 ἐκείνου,
398 1051 498 1124 τόλλα
532 1061 634 1124 πάντα
663 1061 854 1143 προδοτικῶς
876 1053 962 1142 εἶχεν
982 1057 999 1123 ό
1022 1062 1115 1144 arip.

15 1157 78 1217 καί
100 1154 203 1219 κοινόν
231 1157 319 1246 admi
337 1181 370 1223 τε
403 1163 459 1223 καί
486 1161 528 1246 τῷ
559 1158 638 1224 aurci
673 1162 816 1243 σπουδὴν
842 1159 985 1245 φανερόν
1012 1153 1116 1234 ἄλλως

16 1252 158 1342 προδότῃ
178 1254 213 1321 τό
237 1260 292 1324 τοῦ
313 1261 419 1322 κοινοιῖ
446 1261 506 1339 μὲν
526 1259 686 1342 ὑπερορῶν
714 1265 993 1345 περιφρονητικῶς,
1015 1257 1117 1348 ἑαυτῷ

9 1357 58 1420 δὲ
79 1354 167 1444 μόνῳ
187 1361 400 1440 χαριζεσθαι,
427 1359 483 1423 καί
502 1362 715 1440 προτίθεσθαι
744 1359 866 1434 πάντας
894 1362 954 1440 μὲν
975 1361 1116 1439 α’πιέναι,

16 1465 177 1539 περιεῖναι
199 1460 235 1522 δὲ
254 1455 338 1539 μόνα
360 1460 399 1524 τό
421 1463 487 1525 κατ’
508 1459 614 1524 αὐτόν.
656 1464 833 1544 ἐμέμφοντο
852 1457 880 1523 oi
896 1459 1121 1542 στρατιωτικοί

17 1552 71 1620 ὅτι
92 1556 132 1620 τό
156 1558 329 1642 πετροβόλα
355 1561 389 1625 όν
419 1560 496 1645 ἡμῖν
526 1555 645 1642 ὄργανα
678 1563 735 1622 urle
764 1557 948 1644 εὐχρήστως
970 1555 1057 1642 εἶχον
1077 1559 1121 1634 ῶς

18 1654 235 1740 ἀντιφερίζειν
253 1656 333 1743 πρός
356 1659 394 1726 τό
417 1663 481 1724 τῶν
502 1658 696 1742 α’ντιμόχων.
739 1660 756 1722 ό
779 1663 814 1725 ut
833 1660 928 1745 όφείς
943 1663 1121 1743 κατορθοῦν

19 1753 55 1816 τό
79 1753 256 1838 ψεγόμενον
290 1764 365 1825 “srar'
394 1760 431 1826 τί
446 1757 586 1844 ποιήσω’
608 1757 705 1842 ἔλεγε,
726 1759 781 1823 κατ’
800 1759 925 1844 ἠρκεῖτο
949 1764 1049 1825 εἰπεῖν
1066 1782 1121 1822 το-

9 1858 137 1920 »σοότον
156 1856 174 1918 ό
195 1859 320 1941 κομψός
341 1861 601 1944 Πυθαγοριστὴς,
622 1862 723 1924 δοκῶν
743 1863 803 1940 μὲν
823 1857 911 1941 ἱερόν
927 1855 1008 1924 εἶναι
1030 1866 1182 1944 cariatto

20 1952 74 2018 διό
98 1953 132 2019 τό
164 1959 336 2040 ε’χεμυθείν
364 1959 406 2024 τό
429 1965 546 2042 πλείω,
583 1955 687 2035 ἄλλως
710 1963 745 2026 δὲ
770 1959 851 2025 acroi
874 1962 948 2036 τοός
962 1964 1123 2044 λοχῶντας

20 2059 139 2136 πνίγων
167 2059 226 2140 τὴν
253 2059 390 2137 λαλιάν,
414 2053 583 2144 ἅνθρωπος
618 2061 742 2143 ἐπέχων
770 2061 825 2125 καί
843 2060 881 2125 τό
916 2065 947 2138 ἐς
972 2065 1123 2144 πονηρίαν

22 2153 194 2239 όιλιόρατος
215 2162 269 2224 καί
286 2158 323 2224 τό
344 2183 380 2243 γε
411 2162 585 2243 κρυψίνουν
612 2162 817 2244 πολυβενθὴς.
871 2153 984 2244 ἤκουεν
1015 2157 1058 2236 ῶς
1084 2160 1120 2223 τό

24 2259 203 2338 περίτειχος
232 2260 514 2342 καταλαμβάνεται
538 2261 591 2324 διό
617 2257 650 2325 τό
675 2262 843 2346 όνεχόρως
864 2257 961 2344 ἔχειν,
982 2265 1038 2326 καί
1061 2287 1123 2324 πα.

9 2355 181 2434 λρίσεμπεν
201 2358 281 2422 αότό
313 2368 384 2432 ταῖς
404 2361 542 2442 μητράσι
562 2361 624 2424 τῶν
657 2365 816 2440 πολεμίοιν
836 2359 1023 2442 παραβόειν,
1043 2356 1124 2425 ἔνθα

28 2451 273 2539 αἰσχρορρήμων
292 2457 376 2523 εἴποι
398 2455 437 2522 όν
458 2458 550 2542 α’νὴρ.
593 2462 819 2524 ἐπιλειπόντων
847 2459 966 2524 ὀϊστῶν
986 2467 1050 2533 τοῖς
1067 2455 1125 2524 Ἐπί

23 2555 86 2616 τῶν
102 2560 240 2638 τειχέων
274 2551 313 2642 ἦν
346 2561 449 2643 βελῶν
473 2557 619 2646 ζήτησις·
677 2556 756 2624 ὅδὲ
776 2560 831 2623 καί
858 2561 921 2623 ποῦ
943 2552 983 2625 όν
1006 2559 1125 2634 ου’τοός

18 2833 111 2902 gligit.
151 2851 202 2886 nuc
221 2835 347 2889 dubitare
365 2848 493 2909 possunt,
512 2841 558 2910 qui
577 2857 632 2892 rem
650 2839 721 2892 bene
741 2846 856 2902 norunt,
877 2856 970 2908 parurn
988 2855 1003 2889 a
1021 2837 1123 2908 proprii

16 2906 146 2958 norninis
166 2907 305 2974 proditore
324 2911 454 2962 Davidem
481 2911 560 2962 illum
590 2913 755 2980 discrepasse
781 2912 810 2961 in
836 2913 885 2972 iis,
907 2927 977 2979 quae
998 2909 1124 2960 adversus

14 2995 71 3030 uos
94 2977 162 3044 egit,
183 2979 236 3030 nisi
255 2982 316 3050 quis
335 2981 448 3032 calidius
467 2985 543 3050 quasi
556 2983 583 3032 in
604 2985 705 3034 trutina
725 2984 843 3048 positum
863 2980 995 3048 proditori
1016 2995 1123 3048 prorsus

12 3067 116 3120 parem
133 3065 191 3098 esse
207 3049 323 3102 duxerit.
343 3069 403 3102 nam
419 3063 526 3122 praeter
546 3053 685 3122 pactiones
704 3053 785 3102 iustus
803 3060 831 3102 et
852 3053 995 3101 manifesta
1014 3049 1124 3109 indicia,

11 3138 94 3172 suae
118 3129 210 3172 tannen
229 3123 355 3173 nonnulli
377 3124 418 3173 illi
439 3123 612 3192 exprobrant,
633 3126 661 3172 in
683 3122 761 3173 rebus
782 3123 895 3192 reliquis
916 3120 1040 3172 omuibus
1059 3138 1125 3188 pro-

9 3191 124 3244 ritoris
143 3209 283 3260 personam
298 3193 403 3260 agebat.
425 3205 482 3245 erut
503 3195 542 3243 illi
562 3212 703 3244 comumne
722 3211 781 3244 cum
797 3192 947 3262 proditore,
967 3193 1012 3260 qui
1031 3199 1125 3260 aperta

9 3262 122 3316 fraude
144 3263 207 3329 agit,
228 3265 301 3332 quod
320 3281 374 3315 rem
391 3265 525 3334 publicam
542 3267 718 3334 contemptim
739 3263 905 3332 negligebat,
924 3263 976 3314 sibi
995 3263 1046 3312 suli
1065 3279 1125 3328 gra-

9 3335 201 3395 tificabatur,
220 3345 330 3387 cunctos
353 3339 441 3406 perire
461 3337 580 3399 volebat,
613 3336 694 3387 morlo
723 3337 780 3406 ipse
816 3349 918 3405 susque
944 3343 1123 3384 servarentur.

9 3403 215 3480 querebantur
238 3409 359 3472 milites,
386 3405 460 3478 quod
479 3408 694 3459 machinamenta
713 3408 792 3458 nobis
811 3424 867 3458 nou
896 3413 987 3457 essent
1016 3403 1124 3463 idonea,

9 3477 130 3552 quibus
157 3478 244 3528 resisti
263 3488 355 3547 posset
366 3480 499 3529 ruaclrinis
517 3477 651 3530 bostium:
668 3481 724 3540 ille,
744 3477 814 3530 nihil
827 3477 969 3538 sollicitus,
990 3483 1021 3526 ut
1039 3478 1124 3527 corri-

9 3556 111 3622 geret,
132 3548 206 3616 quod
225 3550 439 3618 vituperabatur,
458 3549 544 3621 “quid
556 3551 676 3611 laciam‚”
695 3550 772 3611 dixit,
792 3548 931 3622 etJdixisse
945 3548 1007 3599 satis
1019 3545 1124 3606 babuit,

9 3620 103 3676 vafer
130 3620 207 3685 quasi
238 3621 443 3686 Pythagorisso,
468 3624 514 3692 qni
549 3621 686 3672 videretur
716 3619 825 3690 quidem
849 3635 952 3671 ssorum
979 3619 1123 3670 taciturni-

9 3693 92 3746 tatis
113 3705 172 3739 esse
191 3706 239 3752 eo,
258 3693 331 3761 quod
351 3694 477 3745 reticeret
496 3693 634 3764 pleraque,
663 3692 710 3743 secl
729 3708 819 3744 reuera
838 3690 954 3742 subdole
973 3705 1062 3740 coram
1080 3689 1124 3738 in-

10 3759 192 3818 sidiantibus
213 3773 347 3830 premeret
365 3763 464 3828 verba,
484 3764 565 3815 bomo
588 3767 740 3822 continens,
769 3765 844 3814 cuius
865 3761 988 3831 nequitis
1009 3759 1125 3828 perspici

9 3851 81 3890 non
106 3839 200 3899 posset
225 3841 253 3884 et
284 3835 436 3902 malignitas
465 3835 521 3888 alte
539 3836 645 3888 lateret.
693 3833 831 3898 audiebat,
848 3833 957 3884 moenia
975 3831 1123 3900 expugnari

9 3913 141 3980 propter
173 3904 373 3956 infirmitatem:
404 3907 592 3958 committebat
623 3923 676 3968 ea,
704 3913 734 3956 ut
760 3907 820 3974 quis
854 3903 953 3954 dixerit
988 3903 1133 3961 dicacior,

9 3975 161 4034 nantribus
191 3974 311 4026 bostium
339 3977 485 4028 sarcienda.
529 3977 693 4030 deficiebant
716 3979 840 4042 sagittae,
870 3982 899 4026 et
925 3976 971 4044 qui
998 3975 1024 4024 iu
1045 3989 1123 4023 muro

12 4056 121 4106 erant,
151 4061 221 4096 nura
250 4048 304 4098 tela
334 4049 515 4117 quaerebant:
541 4049 588 4099 ubi
614 4067 645 4100 ca
671 4049 821 4110 inveniret,
850 4044 1048 4107 murmurabat,
1073 4060 1125 4093 nee

13 4121 113 4172 <labat
133 4117 291 4186 quidquam,
312 4127 340 4168 et
361 4119 424 4169 urbs
437 4121 613 4185 ailligebatur.
653 4120 827 4186 frangebatur
844 4117 976 4178 machina,
995 4125 1022 4166 et
1043 4131 1125 4184 opor·

15 4191 105 4244 seirat
125 4205 183 4238 eam
203 4190 275 4240 refici
291 4228 298 4250 ,
316 4199 346 4240 et
374 4191 476 4259 liguum
498 4191 705 4261 acquirebatur:
726 4191 837 4242 ubinam
861 4189 962 4256 liguum
984 4195 1063 4248 esset,
1082 4201 1123 4234 re·

78 4300 136 4351 Leo
157 4301 366 4356 Grammaticus.
390 4337 398 4346 ·
899 4299 934 4351 28
