2820 4866
410 314 783 384 ctlttoltonnnpfflt.
1072 305 1145 378 319

48 475 173 558 πέμπτη
205 471 265 536 rot
292 462 394 538 αότοδ
420 469 520 557 μηνός
545 468 667 554 χειμών
693 473 792 552 μέγας
812 471 946 552 γέγονεν,
967 461 1050 532 οἷστε
1070 490 1147 550 κρυ-

48 575 272 658 σταλλωθῆναι
294 568 352 654 τὴν
370 573 430 656 γῆν
451 573 505 636 ini
523 571 645 656 ἡμέρας
660 567 773 638 ἑκατόν
789 569 899 649 εἴκοσι,
920 563 998 634 ὅθεν
1020 567 1074 632 κατ’
1094 571 1147 650 γέ-

47 695 138 757 γονεν
169 673 269 754 μέγας
300 671 393 752 λιμός
419 670 475 736 καί
503 671 643 747 θάνατος
669 669 787 752 πολιός,
818 664 900 736 ὥστε
921 666 965 754 μη
989 665 1148 733 δύνασθαι

48 773 125 846 τούς
149 774 270 851 ζῶντας
293 770 468 852 έκκομιζειν
487 770 563 847 τοός
578 772 767 846 τεθνεῶτας.
811 768 880 836 ddi
899 765 1054 851 βασιλεδς
1067 765 1149 832 Ῥω-

34 870 152 954 ·ιμανός
174 869 232 956 τήν
255 871 414 959 α’φόρητον
434 870 555 957 ἐκείνην
577 872 653 954 βίαν
675 869 875 956 κατανοήσας
896 871 989 948 ἀξίαν
1010 870 1065 952 τῆς
1087 865 1150 931 ατί-

46 973 107 1038 τοδ
140 972 335 1051 συμπαθοῦς
370 971 583 1058 έλεημοσόνης
613 968 768 1057 πρόνοιαν
802 966 991 1054 ἐποιήσατο,
1020 974 1150 1042 πολλοῖς

47 1067 278 1156 έλεημοσόναις
309 1069 367 1156 την
392 1073 427 1138 ἐκ
456 1073 515 1136 τοῦ
543 1077 642 1155 λιμοῦ
672 1069 984 1157 παραμυθησάμενος
1004 1067 1148 1138 ἔνδειαν·

47 1173 211 1257 α’νέφραξέ
229 1193 265 1235 τε
286 1173 399 1255 θυρίσι
419 1169 474 1237 καί
493 1172 694 1255 σσνιδοίμασι
717 1170 775 1250 τάς
794 1174 857 1236 τῶν
878 1167 1022 1254 ἐμβόλων
1043 1169 1149 1256 στοάς,

48 1267 133 1337 οδστε
153 1269 199 1355 μὴ
222 1263 279 1357 τήν
299 1272 393 1354 χιόνα
414 1269 470 1337 καί
488 1273 523 1338 τό
546 1275 651 1356 Ψόχος
673 1269 795 1338 ἐκεῖθεν
814 1274 986 1338 ἐπεισιέναι
1006 1277 1073 1346 τοῖς
1092 1271 1182 1335 rte-n

34 1389 134 1457 ινησι.
176 1367 244 1436 τότε
266 1373 301 1436 δέ
322 1369 376 1437 καί
391 1370 448 1450 τάς
461 1377 629 1456 λεγομένας
646 1367 766 1458 άρκλας
787 1374 821 1437 έν
839 1373 919 1437 πᾶσι
939 1369 1209 1438 κατεσκεύασειιλ

45 1482 117 1549 σοῖς
138 1470 296 1556 ἐμβόλοις,
318 1471 471 1557 άργόριόν
492 1495 526 1542 τε
548 1471 630 1540 κατά
652 1477 739 1559 μῆνα
754 1480 820 1549 τοῖς
841 1473 981 1538 ἐνταῦθα
1002 1493 1150 1538 κατακει-

48 1577 159 1656 μένοις
193 1576 304 1657 πένησι
329 1569 477 1640 δεδόσθαι
498 1571 672 1656 διετάξατο,
702 1571 758 1638 καί
778 1571 820 1638 τά
842 1581 977 1658 μηνιαΐα
998 1569 1149 1657 τριμητιοι
1162 1587 1213 1640 118

49 1675 85 1740 έν
105 1683 177 1752 ταῖς
199 1675 378 1758 ἐκκλησίαις
396 1680 461 1750 τοῖς
487 1677 599 1758 πένησι
630 1675 854 1756 διανέμεσθαι,
878 1671 923 1746 αἷς
943 1665 1026 1738 εἶναι
1045 1668 1081 1736 τά
1103 1671 1152 1734 δι-

51 1771 174 1854 δόμενα
196 1780 260 1849 τοῖς
279 1796 312 1838 τε
334 1773 368 1838 έν
386 1780 455 1850 ταῖς
481 1766 614 1858 άρκλαις
638 1779 773 1857 πτωχοῖς
794 1775 849 1836 καί
869 1779 935 1848 τοῖς
956 1772 991 1836 έν
1014 1777 1084 1848 ταῖς
1103 1775 1155 1838 έκ-

34 1878 197 1957 ὶκλησίαις
225 1869 369 1959 α’ργόρου
392 1876 678 1958 ,ἐγκεχαραγμένον
720 1869 872 1954 χιλιάδας
911 1868 1046 1936 δυόδεκα.
1100 1872 1156 1938 καί

48 1977 154 2038 ταῦτα
182 1971 203 2056 ἦ
234 1971 410 2058 συμπαθὴς
440 1973 563 2038 ἐκείνου
591 1970 683 2058 ψυχὴ
717 1970 911 2038 διετάσωσεν
929 1975 994 2037 τάν
1012 1971 1155 2057 πενήτων

48 2075 278 2159 προνοουμένη.
319 2072 401 2138 α’λλά
434 2076 512 2139 καθ’
536 2071 659 2158 ἡμέραν
678 2080 763 2157 τρεῖς
793 2065 880 2158 αὕτη]
902 2073 1083 2138 συνεσθίειν
1101 2073 1156 2136 πέ-

51 2197 147 2260 νηιας
176 2171 356 2260 διετάξατο,
384 2171 419 2238 οδ
437 2167 497 2239 άνά
518 2177 553 2240 ἓν
574 2172 753 2256 ἐλάμβανον
777 2169 930 2255 νόμισμα.
971 2169 1099 2255 τετράδι
1120 2174 1156 2236 δὲ

51 2277 104 2339 καί
136 2275 326 2361 παρασκευῇ
354 2283 439 2358 τρεῖς
468 2273 597 2359 πένητες
628 2270 766 2356 μοναχοί
788 2272 888 2362 τοόιιρ
919 2272 1101 2357 συνησθιον,
1118 2269 1152 2336 τό

34 2377 274 2452 λτετυτιτομένον
302 2375 518 2456 λαμβάνοντες
549 2372 705 2454 νόμισμα.
756 2367 834 2454 άπερ
858 2376 895 2436 δὲ
915 2375 951 2438 ἑν
970 2380 1037 2450 τοῖς
1057 2395 1154 2456 μονα-

48 2476 195 2562 στηρίρις
215 2470 328 2540 εἴωθεν
342 2477 501 2558 γίνεσθαι,
524 2469 604 2540 ὥστε
623 2477 657 2540 έν
675 2474 718 2562 τῷ
736 2475 837 2561 καιρῷ
856 2471 1080 2558 διαγινώσκειν
1101 2476 1156 2556 τῆς
1164 2495 1191 2548 ρ,
1203 2493 1255 2548 505

50 2566 245 2659 ἑστιάσεως,
277 2577 373 2642 τοῦτο
399 2577 456 2640 καί
489 2573 586 2650 αδτός
606 2577 723 2655 ἐποίει,
755 2577 871 2658 διπλῆν
891 2569 996 2662 &auaui
1015 2575 1071 2638 καί
1090 2579 1155 2648 τοῖς

52 2670 228 2755 δαιτυμόσι
250 2673 310 2758 τη“ν
332 2672 495 2760 τράπεζαν
515 2679 714 2778 παρατιθείς,
736 2669 816 2740 sinae
839 2674 874 2739 τό
896 2676 1062 2757 μὲνσυῑμα
1084 2675 1155 2759 τρέ-

122 2839 150 2893 6.
168 2843 217 2894 καλ
234 2841 383 2916 έλεὴμονος
403 2839 520 2915 φάσεως
536 2843 693 2910 Anonymns

54 2999 154 3124 ηιιῖαῑο
175 3001 220 3055 die
240 3004 341 3056 mensis
360 3004 482 3056 eiusdem
513 3005 582 3058 adeo
602 3019 697 3074 aspera
714 3003 832 3058 invaluit
850 3002 947 3066 hiems,
966 3009 998 3054 ut
1017 3008 1089 3054 terra
1107 3019 1156 3073 per

76 3075 115 3125 ies
136 3083 244 3126 centum
269 3084 297 3128 et
321 3076 419 3144 viginti
447 3077 510 3144 gelu
529 3081 729 3142 concresceret,
758 3093 791 3128 ex
816 3091 872 3146 quo
897 3075 981 3126 sames
1006 3074 1101 3140 ingens
1128 3081 1158 3126 et

55 3145 209 3198 mortalitas
228 3147 357 3199 immensa
369 3157 513 3218 pervagata
526 3156 578 3212 est¹
594 3145 663 3198 adeo
684 3155 715 3198 ut
733 3147 789 3198 vivi
806 3145 919 3198 mortuis
937 3143 1082 3196 efferendis
1100 3161 1158 3198 non

54 3215 220 3269 sufficerent.
267 3220 401 3270 Romanus
420 3227 511 3271 antem
539 3219 686 3288 imperator
706 3215 907 3270 intolerandam
924 3215 1001 3274 illam
1018 3215 1158 3268 calamita-

55 3297 112 3341 tem
131 3290 341 3358 contemplatus,
360 3295 471 3342 affectus
497 3288 532 3342 ad
552 3287 762 3341 misericordiam
781 3289 908 3360 proclivis
928 3285 1010 3354 digna
1031 3285 1157 3340 exhibuit

54 3367 224 3428 argumenta,
235 3362 466 3428 eleemosynarum
481 3361 647 3413 liberalitate
659 3361 777 3431 plurime
797 3359 878 3412 famia
894 3358 1073 3427 indigentiam
1091 3376 1159 3410 con-

55 3433 170 3482 solatus.
209 3431 307 3484 exinde
325 3435 477 3502 porticuum
499 3435 587 3503 spatia
606 3431 738 3484 tabulatis
756 3431 890 3495 distinxit,
907 3439 936 3484 et
954 3431 1086 3481 fenestras
1107 3445 1158 3500 ap-

57 3503 172 3572 posuit,
194 3504 232 3555 ita
251 3511 283 3555 ut
302 3505 348 3555 nix
368 3511 396 3556 et
413 3505 497 3574 frigus
525 3505 554 3556 in
573 3519 707 3575 pauperes
725 3520 775 3575 per
793 3521 826 3555 ea
844 3519 901 3554 non
920 3503 1086 3570 ingruerent.
1124 3517 1158 3552 eo

55 3581 182 3642 tempore
211 3575 315 3627 cunctis
345 3576 375 3626 in
402 3574 552 3646 porticibus
577 3574 661 3627 arclae
680 3575 718 3626 ita
745 3573 831 3626 dictas
856 3573 1002 3645 disposuit,
1020 3581 1048 3626 ct
1067 3575 1158 3641 egenis

56 3644 160 3698 ibidem
184 3645 504 3718 iacentibuetnrgenteos
533 3663 656 3698 nummos
681 3661 853 3716 permenses
880 3645 1002 3713 singulos
1020 3637 1160 3714 praecepit

57 3713 197 3780 distribui,
218 3725 247 3769 et
265 3727 404 3770 menstrua
425 3720 538 3770 trimitia
557 3735 607 3788 per
628 3717 756 3769 ecclesiae
774 3718 802 3768 in
819 3716 889 3769 elios
907 3733 1043 3786 pauperes
1063 3714 1159 3776 dividi,

57 3785 128 3838 adeo
143 3794 174 3839 ut
187 3803 258 3859 quae
272 3805 321 3858 per
332 3790 415 3841 arcias
428 3799 457 3842 et
471 3790 596 3842 ecclesias
609 3796 784 3856 erogarentur
795 3789 899 3856 argenti
912 3789 969 3840 cusi
988 3789 1159 3849 numismata,

60 3857 94 3906 ad
112 3859 188 3909 milia
216 3859 359 3912 duodecim
382 3869 596 3912 numerarentur.
622 3861 735 3912 trencin
752 3857 964 3912 misericordiam
984 3868 1012 3910 et
1030 3859 1160 3928 pietatem

59 3944 212 3998 propensus
237 3932 295 3982 eius
323 3932 441 3994 animus,
460 3932 581 3984 liberalis
610 3949 758 4002 pauperum
790 3934 928 4000 provisor,
948 3929 1044 3982 donari
1063 3931 1160 3982 sanxit.

61 4015 163 4066 egenos
186 4002 297 4072 insuper
314 4011 405 4054 ternos
425 4003 522 4054 diebus
541 4005 654 4070 singuiis
674 4021 764 4054 secum
791 4001 931 4054 comedere
951 4002 1047 4063 voluit,
1067 4003 1161 4068 singu-

62 4070 151 4140 iiean.
179 4088 315 4124 nummum
339 4092 422 4127 unum
447 4073 635 4126 distribuebat.
674 4075 743 4126 seria
768 4090 833 4126 vero
855 4081 949 4144 quartu
969 4083 996 4126 et
1014 4089 1159 4144 parasceue

63 4140 189 4192 monachi
213 4151 267 4194 tres
286 4155 395 4212 egentes
425 4147 465 4196 illi
485 4146 717 4208 convivabantur,
748 4147 795 4217 qui
828 4144 970 4197 definitum
990 4145 1161 4215 accipiebant

63 4212 203 4266 neemiam.
242 4215 317 4286 quud
343 4219 372 4270 in
390 4218 563 4270 monasteriis
582 4217 721 4276 observari
740 4219 828 4282 solet.
846 4227 877 4270 ut
895 4215 949 4270 cibi
968 4225 1091 4289 ternpore
1111 4215 1159 4268 ba-
