2888 4860
264 275 335 354 ιίιυ
561 257 734 370 [snouts
762 252 1054 367 autumnum]

260 445 368 516 λοντος
397 439 529 524 ἐξῆλθον
561 435 674 515 πάντες
703 433 734 499 oi
755 438 880 516 δέσμιοι
914 435 969 498 καί
994 429 1121 519 ἔφυγον.
1164 426 1239 494 ὅδὲ
1260 429 1362 505 αυίός

261 543 378 614 Φακᾶς
410 534 610 622 ἇρμόμεντον
639 537 675 602 τό
704 529 740 602 όν
761 538 891 620 πλησίον
910 535 973 599 uir
999 534 1162 599 παλατίου
1180 530 1236 615 τῆς
1257 535 1363 613 May·

259 637 394 722 ναιῖρας,
429 637 550 721 στήσας
577 637 613 702 έν
632 642 720 724 μέσῳ
740 637 839 702 edroi
865 632 922 701 καί
950 637 1038 698 κίονα
1062 629 1203 712 κτιστόν,
1225 631 1282 695 καί
1301 627 1364 714 τὴν

259 738 378 826 στὴλιγτ
400 737 503 801 edroi
535 733 709 802 ἕπόνοτθεν.

338 839 376 901 ‘0
395 840 430 901 di·
446 835 590 920 γαμβρός
607 839 710 902 ,αότοῦ
723 838 866 917 Κρίσπος
887 831 905 897 ό
923 831 1101 916 πατρίκιος,
1119 829 1163 914 μὴ
1188 829 1392 916 ὖποφέροινδ

260 937 340 1022 ὁρᾶν
351 932 424 1012 τὀός
444 959 477 1000 τε
502 935 631 1011 α’δίκους
652 933 770 1021 φόνους
789 933 899 1000 καὶτὰ
917 931 1004 998 trivi
1028 930 1067 996 τό
1087 930 1148 996 sini
1164 932 1263 996 Φωκᾶ
1277 924 1369 1012 γινό-

258 1025 351 1120 μενα,
369 1035 490 1118 ἔγραψε
512 1032 591 1120 πρός
607 1034 794 1121 Ἡράκλειον
810 1031 965 1116 στατιγγόν
980 1025 1055 1096 ὄντα
1067 1033 1101 1096 έν
1123 1032 1261 1116 Ἀφρικῇ
1285 1027 1367 1110 μετὰ

259 1141 318 1202 τοῦ
330 1133 457 1216 στόλου,
479 1131 565 1210 ὅπως
577 1135 734 1201 drittun
746 1130 825 1199 κατό
845 1135 903 1198 τοῦ
917 1127 1073 1216 τυρόννου
1088 1131 1198 1194 duna.
1218 1123 1235 1192 ό
1253 1130 1291 1194 δὲ
1304 1131 1369 1192 ου’.

258 1234 310 1311 τός
327 1233 513 1318 Ἡράκλειος
533 1237 568 1314 ἐξ
583 1231 740 1322 Ἀφρικῆς
757 1240 852 1299 πλοῖα
864 1229 963 1297 πολλοὶ
980 1233 1145 1312 ἐξοπλίσας
1157 1229 1212 1295 καί
1228 1226 1369 1313 στρατόν

259 1333 316 1420 τὴν
333 1329 668 1400 Κοονσταντινοόπολιν
681 1337 862 1416 κατέλαβεν,
878 1333 1107 1418 ἐπιφερόμενος
1127 1331 1182 1394 κατ’
1199 1329 1257 1415 τὴν
1278 1332 1407 1412 uiget-ld

261 1439 427 1520 ροποίφτον
446 1433 553 1500 εἰκόνα
572 1438 632 1498 τοῦ
647 1437 760 1518 κυρίου
774 1435 830 1498 καί
841 1436 920 1497 θεοῦ
941 1431 1044 1518 ἦμοῖν.
1065 1430 1121 1496 καί
1138 1435 1281 1512 πολέμου
1294 1449 1370 1512 κρο-

260 1537 408 1619 spatum
428 1538 551 1616 μεταξῦ
566 1539 666 1600 uuus
687 1534 744 1599 καί
758 1531 948 1618 Ἡρακλείου
969 1534 1015 1608 είς
1030 1530 1085 1597 τόν
1100 1533 1225 1617 Σοφίας
1244 1531 1368 1614 λιμένα,

263 1633 410 1719 ἡττηθείς
440 1633 458 1696 ό
489 1634 648 1720 α’λιτήριος
674 1632 792 1721 ἔφυγεν
811 1635 856 1709 είς
884 1629 923 1696 τό
948 1633 1106 1712 βασίλεια.
1150 1627 1316 1705 Φωτειτιός
1335 1631 1370 1693 δέ

262 1757 311 1809 τις
341 1733 404 1798 dni
440 1737 542 1798 Φωκό
574 1736 620 1809 εἰς
641 1733 698 1818 τήν
730 1734 870 1816 σύζυγον
903 1735 1085 1818 α’όικνγθείς,
1108 1727 1264 1796 strettun
1289 1721 1366 1812 μετό

264 1835 469 1918 στρατιωτῶν
499 1835 545 1908 εἰς
573 1831 613 1897 τό
636 1837 807 1915 βασιλεια,
833 1832 956 1912 α’τίμας
985 1833 1019 1894 έκ
1041 1833 1099 1896 ruri
1119 1828 1240 1916 θρόνου
1259 1830 1401 1895 rotroni

264 1933 457 2016 α’ναστὴσας,
478 1934 532 1996 καί
543 1935 600 2016 τῆς
610 1937 776 2015 βασιλικῆς
790 1933 924 2015 ἐσθῆτος
939 1929 1171 2014 ἀπογυμνώσας
1184 1929 1241 1994 τόν
1257 1921 1370 1992 ditias

266 2035 385 2098 Φωκοῖν
406 2033 461 2096 καί
479 2037 602 2114 μέλανα
631 2035 753 2116 χιτιόνα
774 2028 909 2106 ἐνόόσας
937 2031 993 2094 καί
1012 2029 1104 2095 κλοιόν
1125 2033 1281 2112 περιθείς,
1304 2021 1370 2094 ότι-

264 2153 325 2213 μον
344 2129 422 2215 πρὸς
438 2131 623 2214 Ἡράκλειον
639 2132 827 2216 τίπὴγαγεν,
848 2128 886 2195 ὃν
907 2129 1110 2212 θεασόμενος
1129 2124 1217 2193 εἶπεν
1238 2123 1370 2212 (οὕτως,

267 2225 371 2310 ἄθλιε,
388 2231 444 2314 τὴν
463 2231 624 2297 πολιτείαν
650 2228 808 2319 διῴκησας
819 2233 848 2313 ,·”
878 2229 895 2292 ό
918 2231 954 2295 δέ
977 2232 1218 2314 ἀπεγνωσμένος
1239 2223 1287 2291 τόν
1308 2224 1370 2313 ἔφη

268 2327 329 2392 “usi
352 2331 480 2395 κάλλιον
494 2333 548 2395 κατ’
569 2337 707 2414 κρεῖττον
720 2328 806 2412 ἔχεις
820 2331 1006 2414 διοικῆσαι.”
1027 2328 1082 2394 καί
1093 2331 1257 2394 ἐκέλευσεν
1272 2329 1403 2412 Ἡρό-λλ

269 2436 371 2504 κλειος
392 2433 587 2512 πρῶτονμὲν
607 2429 667 2506 τός
686 2439 800 2514 χεῖρας
821 2431 876 2496 καί
896 2429 973 2507 τοός
995 2427 1097 2505 πόδας
1118 2429 1218 2494 edroi
1238 2431 1373 2510 ε’κκοπῆ.

270 2553 333 2614 ναι,
357 2524 418 2593 εἷθ’
434 2525 532 2605 οὕτως
553 2529 609 2594 καί
626 2530 699 2606 τοός
721 2522 827 2611 νόμους
859 2531 962 2596 ου’τοῦ
984 2531 1300 2615 οἷκροττηριασθῆναι,
1321 2529 1376 2592 κατ’

270 2625 308 2692 τό
331 2631 437 2696 «idota
473 2631 671 2717 ἐκτμηθῆναι
700 2630 757 2696 καί
777 2635 873 2718 κοντῷ
895 2633 1115 2717 ιίναρτηθὴναι
1140 2627 1192 2694 διό
1215 2626 1276 2706 τός
1297 2620 1375 2711 οἷμὲ-

276 2905 318 2950 tos
339 2897 473 2950 mutilavit
498 2900 699 2972 multorumque
718 2901 807 2970 capita
830 2899 972 2970 praecidit.
1015 2899 1097 2970 plebe
1116 2905 1206 2951 autem
1224 2897 1315 2963 ignem
1336 2893 1378 2946 in-

279 2969 389 3022 liciente
419 2971 448 3021 iu
464 2974 649 3039 praetorium,
676 2989 769 3023 omnes
795 2973 879 3023 vincti
906 2973 1042 3040 fugerunt.
1080 2969 1151 3021 idem
1171 2967 1272 3022 Phocus
1291 2981 1378 3018 arma-

277 3041 442 3092 tuenturium
468 3057 555 3112 prope
574 3043 737 3112 Magnanrae
766 3044 895 3114 palatium
915 3041 1101 3114 (aedificavit),
1118 3043 1149 3093 in
1163 3037 1255 3092 medio
1275 3053 1310 3090 eo
1331 3051 1378 3088 to-

278 3111 396 3162 lumuam
416 3113 531 3180 erigens,
550 3115 593 3164 eui
614 3124 730 3165 statuam
752 3115 892 3184 imposuit.

350 3183 457 3251 Crispus
476 3193 565 3234 autem
584 3187 712 3254 patricius
733 3187 790 3236 eius
810 3201 907 3253 gener,
928 3201 984 3236 non
1004 3184 1093 3235 ferens
1110 3186 1248 3250 aspectum
1266 3177 1381 3229 combu-

281 3261 380 3303 starum
399 3253 521 3305 caedium
541 3263 569 3306 et
587 3257 718 3308 socierum
738 3275 753 3306 a
771 3256 858 3308 Phora
879 3257 1027 3317 laetorum,
1052 3254 1157 3304 litteras
1175 3250 1253 3302 dedit
1271 3249 1307 3300 ad
1327 3249 1381 3300 tte-

283 3323 404 3386 ruolium,
423 3327 469 3395 qui
489 3327 518 3376 in
540 3325 627 3377 Africa
645 3327 723 3378 classi
745 3335 870 3394 praeerat
893 3336 923 3380 ut
942 3332 1081 3393 surgerent
1097 3331 1190 3374 contra
1202 3321 1322 3374 Phocum
1337 3329 1384 3387 ty-

249 3399 253 3408 '
284 3410 407 3444 rauuum.
443 3397 502 3466 ipse
522 3405 611 3448 autem
639 3398 795 3462 Heraclius,
817 3399 909 3449 multis
934 3397 1048 3450 navibus
1073 3411 1106 3445 ex
1124 3393 1213 3445 Africa
1233 3395 1338 3461 paratis
1356 3398 1384 3442 et

283 3467 414 3524 exercitu,
431 3467 505 3590 cepit
523 3467 638 3536 cpolin,
662 3473 777 3521 aderens
797 3471 878 3520 etiam
904 3469 1045 3536 imaginem
1064 3465 1168 3517 (lumini
1186 3474 1213 3514 et
1231 3465 1278 3516 dsi
1296 3463 1384 3515 nostri

283 3553 364 3586 mauu
385 3553 440 3588 uon
471 3547 566 3588 actam.
603 3555 633 3590 ac
651 3541 797 3592 certamine
811 3542 883 3592 inter
897 3540 1010 3592 Phocam
1024 3546 1052 3590 et
1070 3536 1222 3588 Heraclium
1239 3536 1385 3586 commisso

285 3607 312 3658 iu
331 3607 448 3676 Sophias
466 3618 593 3676 portum,
611 3612 698 3664 victus
726 3613 855 3663 scelestus
878 3612 926 3664 ille
953 3611 1024 3679 sugit
1053 3609 1081 3660 in
1103 3606 1212 3675 regiam.
1249 3607 1386 3658 Photinus

284 3677 413 3746 quidam,
431 3681 506 3731 cuius
536 3698 646 3734 uxorem
671 3683 772 3735 Plancus
790 3691 972 3753 stupraverat,
1001 3683 1030 3733 in
1049 3679 1147 3748 regiam
1168 3679 1306 3745 ingressas
1325 3693 1387 3728 cnm

286 3750 417 3802 militibus
438 3752 616 3818 ignominiose
637 3752 671 3805 de
689 3755 759 3806 solio
783 3755 921 3806 infelicem
943 3754 1057 3805 Phocam
1080 3749 1196 3813 deiecit,
1212 3759 1289 3801 veste
1315 3749 1388 3818 regia

287 3836 348 3870 eum
366 3821 502 3888 spoliavit,
521 3832 622 3876 vestem
644 3833 729 3876 atram
752 3826 778 3876 ei
797 3827 902 3888 iniecit,
931 3825 1042 3876 collaria
1061 3821 1168 3874 addidit
1187 3829 1216 3873 et
1235 3821 1286 3872 tati
1306 3821 1388 3890 igno·

288 3891 370 3940 minin
389 3895 513 3944 allectum
534 3895 569 3946 ad
588 3895 741 3948 Heraclium
763 3896 856 3958 (luxit,
875 3896 921 3966 qui
943 3913 1024 3966 qutun
1043 3911 1104 3946 enm
1122 3893 1245 3945 videret:
1265 3892 1388 3950 “itane,''

288 3961 389 4030 inquit,
406 3965 516 4027 “misen
533 3967 670 4019 civitatem
692 3966 949 4018 administravisti?’'
978 3967 1026 4018 itte
1049 3981 1113 4018 vero
1132 3962 1271 4034 perditus:
1289 3963 1389 4014 “tunm

221 4055 223 4064 ·
290 4032 356 4094 est,'’
378 4035 485 4103 iuquit,
502 4037 619 4088 “melius
646 4038 855 4090 administrare.”
892 4037 970 4089 iussit
994 4037 1136 4088 Heraclius
1154 4035 1271 4104 primum
1291 4047 1390 4085 manns

290 4103 349 4152 eirts
369 4112 397 4154 rt
414 4105 498 4174 pedes
518 4107 645 4176 praecidi,
666 4111 767 4161 deiude
795 4108 890 4161 eadem
909 4111 1015 4160 ratione
1034 4107 1159 4160 humeros
1176 4105 1311 4168 mutilari,
1332 4114 1390 4156 tum

291 4173 419 4243 pudenda
437 4179 570 4246 amputari
598 4188 625 4232 et
649 4180 684 4234 de
711 4189 793 4234 conlo
812 4179 941 4252 suspendi
967 4185 1078 4251 propter
1100 4176 1255 4232 immodicas
1273 4177 1391 4230 iniurias
