2858 4860
276 304 351 384 254
607 317 752 380 sunnis
767 313 1042 380 ‘oniumnct

280 467 407 549 νόμενος
427 471 487 531 rosi
499 469 556 553 ζῆν
575 466 753 552 ἀπηλλάγη.
801 471 1039 539 Κωνσταντῖνος
1059 466 1095 527 δέ
1118 463 1137 525 d
1161 470 1305 548 Τοξαρᾶς
1325 471 1364 544 εἰς

281 563 529 648 Κιβυρραιιάτας
543 571 800 652 σπαθοκοπηθεές
817 569 956 654 τελευτᾷ.
977 565 1033 628 κατ’
1049 565 1222 650 Μαριανός
1242 563 1259 632 ὅ
1280 571 1364 632 aidri-

279 667 341 752 φάς
361 671 419 731 τοῦ
449 671 608 750 βασιλέως
636 670 701 734 τῶν
722 670 829 731 noricis
849 665 1043 749 συντριβεές,
1064 667 1098 728 ἐκ
1117 671 1177 730 τοῦ
1196 670 1296 732 ἵππου
1319 689 1364 732 πε-

277 767 353 846 σάν,
375 770 429 830 κατ’
447 767 506 832 τοῦ
524 765 620 842 ποδὸς
641 769 794 844 σαπέντος
815 766 950 850 σκάληξι
971 767 1110 853 τελευτᾷ.

351 865 391 933 Ὅ
411 867 608 949 δὲβασιλεάς
622 865 790 949 προελθών
809 869 845 932 έν
867 866 906 951 τῇ
925 865 1028 954 η’μέρρ
1048 869 1109 930 τοῖν
1131 867 1280 948 Χριστοῦ
1302 870 1384 950 γέν-5

277 989 341 1031 νων
364 967 399 1032 ἐν
419 971 460 1053 τῇ
486 967 669 1052 προελεύσει
700 967 745 1040 εἷς
773 965 830 1049 την
850 963 990 1050 μεγάλην
1018 963 1186 1049 ἐκκλησίαν
1207 965 1367 1047 ἐβάπτισεν

279 1069 441 1153 Στέφανον
463 1063 534 1130 vids
560 1067 669 1131 ου’τοῦ.
724 1063 851 1149 άγαγάνν
872 1066 907 1128 δὲ
928 1065 1045 1139 ἵππους
1065 1062 1197 1140 λεοκοάς
1213 1064 1296 1144 μετά
1316 1063 1367 1148 dp.

246 1177 377 1252 Βματος
408 1165 557 1230 ἐκάθισεν
587 1163 656 1246 ἅμα
689 1166 728 1250 τῇ
747 1163 937 1252 Αάγοάστη,
963 1167 1020 1228 κατ’
1044 1162 1063 1225 d
1084 1163 1295 1248 πραιπόσιτος
1314 1167 1368 1230 σάν

281 1265 392 1340 adroic
404 1264 533 1349 Βαάνης
554 1265 722 1347 βαστάζων
745 1259 782 1347 ἧν
805 1263 838 1329 τά
860 1267 986 1328 παιδίον
1007 1267 1104 1347 μέχρι
1127 1263 1186 1327 τοῦ
1208 1270 1367 1352 natante,

280 1369 339 1432 τοῦ
358 1367 514 1447 βασιλέως
536 1364 700 1452 ῥίπτοντος
721 1360 877 1429 ὑπατείαν
887 1367 921 1429 έν
940 1369 978 1451 τῇ
997 1361 1073 1454 ὁδηῖ.
1376 1392 1398 1442 ηη

359 1465 493 1547 Ἐγένετο
514 1467 550 1530 δὲ
570 1464 702 1546 σεισμὸς
715 1469 772 1530 τοῦ
790 1463 882 1547 άγιόο
897 1465 1102 1531 Πολυεύκτου
1117 1471 1275 1551 μέγιστος,
1296 1459 1370 1532 dors

278 1561 335 1648 τη“ν
352 1567 409 1647 γῆν
431 1566 576 1630 σείεσθαι
596 1566 652 1630 ἐπὶ
670 1561 903 1646 τεσσαράκοντα
924 1563 1044 1649 ἡμέρας
1065 1567 1121 1633 κατ’
1138 1567 1370 1650 τεσσαράκοντα

279 1662 414 1739 νάκτας·
456 1661 549 1729 ἔπεσε
573 1667 608 1730 δὲ
629 1662 697 1728 τότε
718 1668 774 1729 κατ’
794 1659 813 1747 ἦ
837 1673 961 1749 σφαῖρα
984 1668 1042 1729 τοῦ
1062 1667 1165 1746 ζάιλον
1188 1671 1248 1732 τοῦ
1272 1665 1372 1754 φόρου

280 1766 337 1829 καί
355 1768 410 1848 τῆς
439 1761 615 1849 άπεραγιάς
647 1762 797 1827 θεοτόκου
832 1762 865 1827 τά
887 1767 1004 1850 σίγμα,
1038 1761 1118 1830 ὥστε
1148 1766 1272 1842 πάντας
1305 1763 1372 1840 sois

280 1863 459 1946 ψάλλοντος
488 1866 588 1930 ἐκεῖσε
609 1867 807 1948 τελευτῆσαι.
859 1867 953 1928 Λέων
976 1865 1011 1929 di
1032 1863 1050 1929 ci
1074 1865 1252 1952 φιλόσοφος
1272 1865 1401 1948 κοχώνα

281 1963 382 2027 ἐκεῖσε
417 1961 521 2049 ἔλεγεν
552 1971 615 2038 τοῖς
645 1962 823 2045 ψάλλουσιν
850 1964 906 2026 καί
934 1965 1031 2028 πάσιν
1061 1973 1127 2040 τοῖς
1154 1959 1245 2031 οὖσιν
1278 1971 1372 2031 ἐκεῖσε

283 2063 424 2141 ἐξελθεῖν
446 2067 503 2146 τῆς
533 2067 718 2148 ἐκκλησίας·
772 2059 802 2127 oi
822 2063 858 2125 di
876 2061 922 2144 μὴ
945 2067 1125 2139 πεισθέντες
1146 2065 1235 2152 crispi
1255 2089 1374 2131 συνετε-

184 2166 443 2246 ρ,ηῃλὲσθησαν
462 2157 610 2238 ἅπαντες.
655 2161 751 2238 αὐτὸς
773 2161 809 2225 δὲ
828 2161 845 2224 o‘
867 2161 1045 2248 φιλόσοφος
1065 2165 1110 2238 εἰς
1129 2167 1217 2228 κίονα
1237 2165 1302 2228 άπὸ
1324 2192 1374 2230 σο.

240 2258 454 2346 58στημάτιον
489 2265 617 2336 arausic
643 2261 723 2342 μετά
754 2255 879 2346 ἐτέρους
907 2261 966 2325 tato
998 2263 1153 2348 διεσώθη,
1195 2270 1252 2330 κατ’
1282 2271 1394 2350 ἕτεροιΙ

284 2361 373 2424 πέντε
394 2359 485 2440 μόνον
506 2359 652 2426 ὑποκάτω
677 2365 733 2423 τοῦ
754 2357 908 2440 άμβωνος.
1234 2359 1237 2368 '
1382 2384 1405 2434 ρο

370 2461 491 2535 Φάκιος
524 2460 599 2526 did
630 2462 831 2543 πατριάρχης
861 2457 1009 2535 ἐλθόντος
1028 2463 1087 2525 τοῦ
1107 2467 1267 2542 βασιλέως
1289 2469 1324 2529 ἐν
1344 2467 1376 2552 τῇ

285 2555 432 2646 ἐκκλησίᾳ
461 2559 516 2624 καί
539 2563 709 2639 μέλλοντος
736 2558 834 2624 ου’τὸν
866 2566 1035 2645 κοινωνεῖν,
1056 2565 1166 2627 τοῦτον
1186 2561 1306 2652 ληστην
1329 2569 1376 2626 κατ’

305 2671 342 2716 4„
1308 2675 1313 2684 .

287 2840 423 2894 vermibus
445 2859 567 2895 corrosus
590 2844 674 2896 vitum
697 2841 796 2895 amisit.
838 2841 1031 2894 Constantinus
1051 2843 1171 2896 Toxaras
1190 2843 1265 2913 apud
1284 2844 1376 2912 Cibyr-

288 2912 412 2965 rhacotas
431 2913 527 2982 gladiis
545 2915 724 2966 comminutus
744 2913 834 2982 periit.
860 2914 996 2965 Marianus
1015 2913 1184 2982 imperatorin
1204 2915 1292 2967 iratcr
1310 2932 1375 2985 εηιιο

291 2985 383 3055 lapsus
401 2992 430 3036 et
443 2982 526 3054 pedes
546 2987 687 3049 contritus,
708 2985 794 3036 altero
807 2983 879 3053 pede
899 2985 1035 3036 vermibus
1054 2993 1237 3054 putrescente,
1259 2989 1375 3039 moritur.

360 3055 441 3106 Porro
460 3056 605 3125 imperator
623 3056 809 3107 natalitiorum
828 3055 925 3106 Christi
952 3055 997 3107 die
1016 3057 1115 3106 celebri
1135 3072 1278 3125 processus
1296 3076 1377 3128 apps-

279 3133 349 3177 -ratu
369 3125 403 3176 nd
424 3121 547 3196 magnam
566 3127 704 3178 ecclesiam
729 3128 883 3196 proiectus,
900 3126 1066 3197 Stephanum
1087 3126 1173 3177 fitium
1192 3143 1272 3180 suum
1293 3129 1376 3197 bapti·

238 3193 240 3200 ’
277 3199 369 3258 'savin
388 3205 415 3249 et
432 3200 509 3268 equis
529 3197 650 3249 candidis
678 3197 713 3249 ad
731 3215 836 3250 currum
856 3198 954 3249 iunctis
982 3213 1040 3248 cum
1060 3200 1177 3265 Augusta
1197 3199 1225 3251 in
1247 3217 1283 3250 eo
1303 3201 1376 3251 sedit.

289 3265 392 3320 Baanes
412 3276 501 3320 autem
522 3271 690 3339 praepositus
721 3285 852 3320 unacum
877 3270 917 3320 eis
945 3268 980 3321 ad
1006 3269 1135 3338 palatium
1162 3285 1250 3342 usque
1270 3289 1375 3342 puerum

288 3339 408 3408 gerebat,
427 3341 591 3410 imperatore
609 3356 658 3410 per
677 3340 748 3391 viam
769 3356 937 3391 nummorum
954 3356 1050 3391 munus
1069 3348 1221 3410 spargente.

359 3413 456 3479 lugens
481 3419 570 3462 autem
590 3411 616 3461 S.
639 3411 777 3478 Po'iyeucti
805 3410 874 3462 festo
893 3418 981 3463 terrae
1002 3419 1090 3463 motus
1110 3421 1221 3463 exortus
1241 3421 1295 3476 est,
1315 3411 1376 3464 adro

288 3488 319 3532 ut
337 3480 433 3532 diebus
453 3481 630 3551 quadraginta
652 3488 680 3532 et
697 3482 821 3532 noctibus
844 3481 957 3533 totidem
976 3490 1046 3534 terra
1067 3491 1268 3535 concuteretur.
1308 3483 1375 3534 deei-

289 3552 332 3603 dit
349 3559 414 3603 tunc
441 3554 505 3624 equi
528 3552 563 3604 nd
582 3552 668 3604 iorum
689 3553 770 3624 positi
790 3551 904 3622 sphaera
931 3562 959 3605 et
979 3555 1162 3605 sanctissimae
1180 3553 1226 3605 dei
1245 3556 1375 3624 genitricis

290 3623 388 3685 tomtx,
406 3621 474 3674 adeo
495 3630 526 3674 ut
544 3625 634 3675 etincti
652 3623 686 3674 ad
704 3623 874 3694 psaiiendum
896 3624 982 3675 coacti
1002 3625 1226 3694 opprimerentur.
1246 3627 1302 3678 Leo
1320 3643 1376 3676 sero

289 3693 468 3763 philosophus
489 3693 591 3745 ibidem
610 3696 679 3745 sorte
699 3703 820 3765 repertus
840 3696 997 3747 cantoribus
1018 3704 1045 3746 et
1063 3697 1177 3766 reliquis
1191 3695 1243 3748 sub
1264 3715 1298 3748 eo
1311 3707 1375 3748 smn-

289 3764 362 3817 tibus
379 3773 408 3815 ut
429 3764 540 3816 ecclesia
561 3765 731 3817 discederent
749 3765 885 3822 monebat.
928 3767 966 3817 iili
995 3783 1057 3817 vero
1075 3768 1185 3819 minime
1207 3770 1376 3838 acquiescen-

283 3843 330 3887 tes
349 3851 404 3886 uno
431 3835 510 3888 simui
534 3837 588 3887 iine
616 3839 763 3906 perierunt.
808 3837 867 3906 ipse
893 3836 1072 3908 philosophus
1095 3837 1130 3889 ad
1158 3839 1314 3892 columnam
1335 3839 1376 3890 suis

290 3906 351 3958 aliis
371 3909 510 3958 structuris
529 3916 602 3959 stans
621 3923 680 3958 cum
699 3907 804 3959 duobus
824 3909 884 3960 aliis
902 3917 1022 3960 servatus
1040 3917 1090 3972 est,
1102 3925 1220 3962 necnon
1233 3911 1282 3963 aiii
1303 3912 1377 3984 qnin-

290 3991 345 4047 qua
358 3977 409 4028 sub
423 3977 539 4031 ambone
559 3979 628 4030 sorte
647 3978 779 4030 sedentes.

360 4047 484 4100 Ceterum
498 4051 684 4119 imperatorem
698 4049 731 4100 ad
741 4048 881 4100 ecclesiam
894 4049 1064 4101 accedentem
1076 4057 1103 4101 et
1115 4050 1166 4102 iam
1181 4050 1235 4102 iam
1254 4067 1376 4103 sacrorum

290 4117 449 4189 participem
470 4119 590 4173 futurum
610 4121 773 4191 praedonem
793 4128 821 4171 et
841 4119 1000 4172 homicidam
1021 4139 1166 4194 sacraeque
1187 4123 1377 4174 rotumuniouis

242 4229 245 4244 .
291 4188 433 4258 indignum
453 4190 564 4244 Photius
576 4190 727 4263 patriarcha
736 4191 858 4244 vocabat.
875 4191 922 4243 iiie
936 4192 1026 4244 furore
1040 4194 1159 4264 percitus
1178 4195 1293 4247 Romam
1306 4195 1376 4250 mist.
