2954 4860
205 1202 685 1302 IMMANUELIS
727 1199 1046 1298 BEKKERI

404 1425 488 1500 en
515 1424 542 1497 t
567 1423 595 1498 n
619 1425 644 1496 r
668 1422 698 1496 s
723 1424 751 1498 r
773 1425 788 1496 1
814 1423 859 1498 ο.

539 1643 723 1660 --—--=·--o-

78 1825 225 1919 Leonis
249 1841 482 1944 grammatici
507 1854 649 1942 partem
675 1867 756 1918 eam
791 1865 887 1940 quae
921 1865 1004 1940 ap.
1021 1845 1092 1915 207
1130 1835 1178 1912 ad

81 2003 153 2072 331
179 2001 354 2097 pertinet,
378 1985 634 2098 postGoarum
644 1995 886 2072 Combefisius
902 1996 1032 2092 edidit,
1055 1998 1178 2072 Theo-

75 2147 210 2246 phanis
242 2149 299 2221 sui
323 2173 361 2246 p.
379 2143 593 2224 tus-510.
650 2149 802 2221 alteram
831 2171 950 2246 nuper
975 2145 1177 2222 admodum

82 2295 113 2365 i.
140 2294 183 2366 t.
209 2293 395 2371 Cremerus
423 2295 580 2394 adiecit,
600 2293 875 2372 Aneodotorum
909 2294 1178 2370 Graeconrme

85 2441 272 2518 codicibus
295 2447 552 2547 manuscriptis
575 2447 824 2522 bibliothecae
838 2447 970 2546 Regiae
995 2447 1177 2520 Parisior-

75 2593 123 2667 sis
148 2599 174 2668 2
196 2589 465 2696 pecto—379.
492 2597 558 2696 qui
583 2598 634 2671 ita
657 2595 840 2696 praefatus
865 2609 929 2670 cst.

277 2746 381 2820 Hanc
404 2746 590 2846 Anonymi
623 2743 978 2846 chronographiam,
1010 2771 1121 2845 quarn
1157 2772 1177 2818 e
1326 2773 1332 2784 ·

281 2894 413 2969 codice
455 2893 529 2971 854
562 2897 585 2971 i.
623 2901 698 2972 328
731 2923 762 2971 r.
793 2895 1034 2998 deprompsi,
1065 2895 1179 2969 Leoni

279 3047 519 3142 grammatico
553 3046 683 3121 tribuit
707 3045 861 3146 catalogi
885 3045 1091 3140 coniector,
1115 3043 1180 3118 sed

282 3218 497 3293 perperam,
530 3193 662 3270 credo:
694 3205 781 3270 nem
821 3219 864 3270 es
895 3207 1000 3296 parte
1037 3207 1179 3268 tontum

282 3345 406 3441 operis
422 3367 562 3418 nomen
573 3345 708 3420 Leonis
725 3359 917 3446 comperet
941 3369 1038 3446 quae
1053 3345 1180 3442 sequi-

278 3503 338 3564 tur
351 3503 522 3592 tempora
548 3519 708 3592 quorum
725 3495 873 3569 annales
890 3493 1182 3570 coniecitTheo-

281 3639 435 3738 phanes,
445 3655 483 3716 et
493 3643 586 3718 hoec
599 3645 685 3718 satis
703 3658 912 3744 congruunt
928 3667 1013 3718 cum
1030 3641 1075 3717 iis
1086 3667 1182 3740 quae

281 3789 349 3862 sub
375 3791 453 3864 eius
464 3791 597 3866 Leonis
621 3795 773 3868 nomine
799 3791 1012 3892 incorpore
1036 3793 1182 3892 Byzant.

280 3937 412 4040 Script
437 3943 578 4041 vulgata
603 3957 697 4017 sunt.
759 3945 834 4018 hoc
859 3944 1065 4017 chronicon
1090 3943 1183 4014 mihi

284 4085 429 4164 videtur
453 4115 531 4166 esse
556 4093 765 4167 coniectum
798 4117 842 4168 ex
864 4093 971 4166 variis
994 4091 1184 4190 scriptori-

286 4233 366 4332 bus,
383 4233 563 4335 Cedreno,
581 4241 720 4316 Ioanne
733 4240 980 4338 Antiocheno,
1004 4239 1183 4314 chronico
