2828 4874
182 295 236 356 οε·
254 293 559 362 Τιιεεεειουιολ
578 298 608 360 n
626 297 785 360 titirus
805 297 948 363 cnm.
1037 283 1110 358 tte

19 445 77 509 τοῦ
101 444 188 512 θεοῦ.
230 448 287 524 καί
304 447 365 532 μιᾷ
382 448 442 526 μὲν
462 450 518 512 ἓνσ
541 447 609 511 τινὰ
630 448 877 532 συγχρονσθῆναι
897 443 949 532 εἴη
966 437 1006 510 ύν
1025 446 1119 527 μιΐύν

19 567 50 607 τι
69 543 186 626 κακόν·
227 539 260 607 αἱ
284 546 314 608 d’
336 549 371 611 ἐν
384 545 540 624 τοιούτοις
560 549 674 626 κοιναί,
694 543 780 612 καθά
797 572 845 623 τις
866 527 906 612 τίν
925 545 1020 629 εἴποι,
1042 545 1118 628 ἀμί-

19 645 72 718 δες
96 644 156 707 ούκ
178 637 218 708 dv
239 637 362 728 εύραιεν
381 645 548 728 κλαυθμὸν
569 643 707 724 ἐπάξιον.

97 736 182 826 Ἔχει
208 743 303 834 καλόν
332 771 362 812 τι
394 749 534 812 ἐνταῦθα
556 747 816 833 τῶνβαρβάρων
843 747 959 827 εἰπεῖν,
981 741 1031 812 ὅτι
1052 767 1117 832 φο-

20 839 124 906 νεύειν
150 842 222 922 τούς
249 847 282 908 ἐν
306 856 371 921 τοῖς
392 843 488 930 ἱεροῖς
517 847 744 929 ίπιβαλύμενοί
762 871 844 924 τινες
873 841 1033 929 ἀπέσυρον
1053 847 1118 912 αύ-

18 943 95 1017 τούς
116 939 176 1022 ἔξω
197 947 285 1029 γοῦν,
307 947 363 1012 κατ’
384 943 469 1012 odrae
492 947 667 1036 καθῄρουν,
695 950 739 1035 τῷ
762 949 818 1032 ζῆν
840 946 1060 1031 μετριάζοντας
1080 944 1115 1011 τύ

18 1067 130 1110 κακον.

108 1140 148 1211 Oi
177 1147 212 1211 di
233 1154 298 1221 τοῖς
319 1146 430 1236 Ιθείοις
458 1148 691 1230 ἐνυβριζοντες,
712 1145 771 1212 κατ’
794 1145 832 1212 τύ
852 1148 914 1227 μὲν
935 1147 998 1210 τῶν
1019 1147 1117 1225 σεβα-

18 1242 125 1323 σμίων
144 1242 346 1326 τυπαμύτσιν
366 1250 625 1332 κατασχιζσντες,
647 1241 705 1312 ὅσα
725 1249 826 1330 μηδὲν
846 1271 877 1312 τι
896 1241 1063 1332 γλαφυρὰν
1083 1247 1118 1309 ἐκ

18 1347 129 1425 τιμιάς
151 1341 228 1430 ύλης
244 1341 331 1428 εἶχον
349 1345 388 1410 τὰ
410 1349 445 1413 δὲ
465 1351 631 1427 ψιλοῦντες
652 1350 709 1412 τοῦ
723 1351 789 1412 κατ’
810 1343 896 1412 adad
919 1345 1039 1426 κόσμου
1060 1366 1118 1426 με·

18 1443 56 1508 ari
79 1449 221 1528 πληγτῦν,
254 1439 330 1516 οῦτε
364 1450 466 1511 ταῦτα
489 1449 570 1531 δρᾶν
592 1447 817 1533 διεγνωσμίνοι
838 1443 980 1528 ι’χιύρουν
1001 1446 1046 1522 εἰς
1066 1433 1120 1508 τῦ·

18 1566 129 1630 φημον
150 1544 306 1631 ἡμετέραν
325 1544 473 1633 μνήμην,
499 1551 555 1612 καί
572 1551 629 1612 νῦν
652 1550 686 1613 δὲ
716 1549 761 1623 εἰς
783 1546 856 1610 νοῦν
875 1541 1024 1620 ἐλθόντες
1044 1544 1120 1628 ἡμῖν

18 1644 245 1712 π’ποπιύονται.
285 1648 353 1730 :eoi
383 1653 450 1724 πῶς
478 1647 541 1731 γολρ
579 1639 619 1713 ἄν
640 1671 688 1723 τις
709 1648 911 1728 γυμνοῦσθαι
930 1642 1120 1726 ἀνθρώπους

18 1745 69 1808 ἐπ’
91 1744 257 1829 ἐκκλησίας
275 1745 393 1826 μαθιύν
417 1748 473 1813 καί
492 1739 671 1828 α’χθύμενος
690 1745 852 1827 ἀνάσχοιτ’
873 1739 913 1808 de
932 1741 978 1827 μη
1001 1743 1039 1808 σύ
1060 1743 1120 1824 χύ-

18 1851 62 1933 λιρ
88 1847 310 1930 διαρραγῆναι,
330 1845 493 1928 γύμνωσιν
507 1848 677 1933 κειμηλίων
692 1849 791 1911 θείων
813 1841 977 1928 ε’γνιακύςς
999 1839 1121 1911 deaut

18 1945 230 2030 ἀνεξικακίας,
253 1947 284 2010 εἰ
301 1943 467 2031 βάρβαρον
488 1939 591 2031 ἄνδρα
613 1944 692 2012 κατὰ
716 1946 773 2030 τῆς
794 1943 885 2028 ἱερᾶς
905 1945 960 2007 καί
982 1945 1119 2028 φρικτῆς

18 2046 177 2129 τραπέζης
198 2044 445 2132 ἀναπηδήσαντα
461 2050 519 2113 καί
530 2042 755 2128 ἐνεκαλύψαντο
774 2043 831 2130 τὴν
851 2041 933 2110 αἰδοῦ
950 2047 1006 2108 καί
1028 2043 1118 2108 ε’νου-

18 2146 138 2228 ροῦντα
160 2146 216 2219 ἐίς
244 2147 434 2228 α’κονειομὸν
466 2148 568 2233 α’φηκε
598 2149 654 2231 ζῆν
685 2141 886 2227 α’νεχύμτνος.
940 2136 1120 2226 οίοταυροί

17 2248 139 2328 τίμιοι,
165 2243 201 2309 τῦ
229 2245 382 2332 ἡμέτερον
404 2245 537 2332 κράτος,
561 2242 649 2321 ῦσσις
672 2249 727 2313 καί
749 2245 840 2326 ύμεῦν
868 2243 897 2309 οἱ
919 2241 1033 2324 μιαροὶ
1052 2243 1118 2306 ἐνέ-

17 2350 157 2424 παιξαν·
203 2350 259 2410 καί
280 2345 298 2431 ἢ
318 2347 400 2430 ,θεία
420 2343 555 2428 δύναμις
579 2348 764 2431 α’τρεμυῦσα
785 2347 843 2410 oria
863 2342 932 2410 ἔσθ’
954 2337 1040 2416 ὅπως
1061 2341 1119 2406 ούκ

23 2443 268 2531 ε’ξτγερθηοεται.

106 2550 150 2611 Τι’
167 2539 208 2610 ἄν
229 2569 278 2624 τις
309 2548 451 2613 ἐνταῦθα
471 2545 579 2632 ε’κθείη
610 2550 666 2612 κατ’
684 2545 798 2633 ταύτην
820 2548 965 2629 μιαρίαν,
991 2541 1034 2618 oic
1052 2549 1118 2616 τοῖς

17 2649 76 2728 μὲν
97 2648 130 2724 ἐξ
152 2641 246 2711 ῦὲλου
269 2650 535 2732 ἐκκλησιαστικαῖς
549 2651 752 2732 λαμπτῆρσιν
772 2641 941 2729 ε’νεθῦρουν
964 2641 993 2707 οἱ
1017 2637 1117 2714 αι’σύν.Ι

17 2890 136 2956 virginee
155 2888 219 2957 iugo
248 2877 412 2944 m'atrimonii
436 2900 565 2954 maturae,
584 2899 696 2961 propter
717 2891 901 2960 virginitatem
923 2897 1117 2953 sacrosanctae,

17 2976 140 3030 aponsae
157 2959 212 3010 dei.
239 2969 267 3014 et
287 2963 398 3032 quidem
422 2964 443 3014 ai
463 2963 586 3030 ringulae
604 2980 620 3014 a
638 2962 750 3031 ringulir
768 2962 892 3031 pollutae
910 2970 1009 3022 errent,
1028 2962 1118 3013 minor

17 3029 162 3102 turpitudo
183 3033 270 3084 soret:
291 3034 340 3086 aed
357 3035 435 3116 quari
454 3035 607 3102 promiaeua
625 3034 687 3095 iata,
707 3042 737 3084 ut
751 3035 813 3103 quia
831 3030 940 3096 dixerit,
958 3031 1055 3101 flagitii
1073 3049 1117 3084 re·

17 3102 163 3174 περισσεία
184 3119 323 3172 nunquam
341 3103 424 3171 digne
445 3111 577 3174 poterunt
593 3103 695 3156 deiieri.

105 3171 247 3225 Laudandi
267 3173 313 3227 hie
336 3176 403 3226 mihi
428 3183 492 3226 aunt
509 3174 633 3239 barbari,
658 3174 733 3245 quod
754 3174 865 3244 quidam
883 3173 912 3223 in
937 3173 1045 3241 templis
1066 3171 1118 3222 ab·

17 3243 165 3307 reondiror,
183 3261 252 3315 quoa
266 3245 400 3298 trucidare
413 3253 553 3316 cuperent,
572 3244 752 3299 extrahebant
768 3254 840 3299 certe
852 3251 880 3296 et
890 3243 990 3297 deinde
1008 3244 1116 3295 occide-

17 3317 94 3380 bant,
113 3317 142 3367 in
158 3319 214 3368 rita
231 3317 363 3386 flagitium
382 3319 564 3370 continenter,

87 3387 143 3457 Qui
163 3397 253 3440 autem
272 3389 354 3442 rebua
371 3389 472 3440 divinia
490 3386 670 3450 inaultabant,
688 3393 717 3439 et
735 3403 809 3438 aaora
828 3386 972 3438 rimulam
994 3385 1047 3436 alia
1072 3384 1115 3436 di·

17 3457 198 3523 tcindebant,
219 3461 247 3512 in
277 3460 377 3530 quibus
393 3459 507 3529 quidem
535 3457 642 3512 nihile
663 3458 782 3526 pretioaa
812 3459 925 3510 materia
947 3455 1115 3510 elaboratum

17 3537 85 3594 erat,
104 3530 158 3581 alia
175 3529 318 3584 tundendo
345 3531 502 3603 apniiabant
523 3531 697 3593 ornamentis,
715 3546 767 3582 nee
785 3536 851 3581 tunc
869 3528 943 3582 iatud
961 3530 1050 3580 iacere
1068 3544 1115 3580 oo·

17 3602 75 3656 nati
93 3602 205 3669 gratiam
225 3603 296 3673 apud
314 3619 365 3655 nor
383 3603 511 3664 inibant,
537 3609 565 3654 et
593 3617 666 3653 nuno
692 3601 721 3652 iu
745 3601 901 3653 memoriam
931 3601 1047 3652 revocati
1065 3598 1114 3650 ab·

17 3675 172 3726 torrentur.
194 3690 255 3726 narn
273 3673 412 3758 quomodo
428 3675 498 3746 quia,
522 3673 570 3744 qui
588 3671 712 3724 hominen
730 3671 760 3725 in
781 3673 894 3724 eoeieata
914 3671 1030 3723 nudatos
1052 3687 1112 3722 oum

17 3742 205 3812 indignatione
225 3745 357 3811 aetherit,
375 3755 470 3800 teneat
491 3761 537 3808 re,
555 3759 610 3814 quo
631 3743 719 3795 minue
743 3745 782 3795 ira
802 3752 951 3814 rumpatur,
968 3757 1052 3811 quum
1071 3756 1113 3792 rea

17 3815 122 3882 vrinae
151 3815 266 3870 nudatae
290 3817 468 3886 cognoverit?
504 3834 521 3869 o
539 3814 702 3886 patientiam
720 3813 853 3879 divinam,
877 3830 947 3936 ηοοε
969 3812 1112 3864 barbarum

17 3889 44 3939 in
62 3901 164 3938 aacram
185 3899 214 3958 et
229 3889 413 3943 venerabilem
425 3903 544 3942 mentam
556 3886 723 3940 inailientem
742 3895 769 3938 et
783 3886 876 3956 puden
899 3889 919 3936 ir
937 3885 1044 3936 nudatia
1064 3899 1112 3936 re-

17 3959 99 4010 tinam
119 3967 311 4012 exonerantem
329 3961 490 4014 aurtinuerit
517 3967 546 4012 et
569 3959 659 4011 rivere
677 3956 788 4008 siverit!
826 3975 842 4008 ο
861 3971 951 4008 crueea
978 3971 1112 4007 veneran-

17 4029 77 4092 dae,
101 4029 233 4084 fortitudo
254 4041 364 4095 noatra,
390 4040 528 4103 quotquot
554 4028 663 4083 aceleati
681 4028 725 4079 inti
754 4024 906 4080 laeserunt!
943 4041 993 4078 neo
1012 4033 1062 4088 eat,
1081 4035 1113 4078 ut

17 4099 126 4172 placido
143 4100 235 4154 divina
255 4103 378 4174 potentia
395 4120 452 4155 non
471 4100 644 4173 expergefiat.

89 4169 165 4246 Quid
187 4173 263 4229 iliam
292 4175 489 4246 turpitudinem
508 4185 722 4235 commemorem,
747 4167 822 4239 quod
839 4163 1001 4220 candelabra
1022 4166 1111 4222 ecele-
