2828 4874
281 329 353 401 516
529 335 585 398 ΑΙ)
615 334 779 396 LEONEM
811 328 1123 396 GRAMMATICUM

366 489 403 552 17
446 482 520 552 οὔτε
541 483 825 570 ἑπιδιατὰσσομαι]
848 486 912 568 ipsa
928 493 973 546 est
991 483 1056 545 aliis
1079 483 1186 545 verbis
1208 482 1312 565 prima
1332 484 1374 544 in.

279 576 494 658 terrogatione
509 576 538 639 S.
552 569 718 652 Nicephori
743 571 903 652 responsio
920 589 950 650 p.
964 567 1050 630 437:
1075 569 1157 628 nihil
1177 587 1284 628 eor-um
1304 589 1373 652 qrme

278 669 337 722 etc.
359 679 439 719 nova
460 659 648 720 ordinatione
667 670 777 717 eveno.
821 654 864 713 sic
885 673 1007 735 semper
1030 661 1118 713 vetus
1142 649 1219 712 fides
1245 671 1369 734 unaque.

363 775 401 837 18
455 770 645 856 διεφορήθη]
677 771 793 851 dfflteno
831 771 952 832 bnntore
982 784 1034 831 ant
1064 747 1225 830 sudoridus
1258 770 1368 830 insolito

277 862 422 944 tantisper
440 859 602 920 convaltn't.

363 973 400 1036 19
454 967 623 1053 trinepti]
658 993 720 1032 non
742 972 863 1032 silenter
881 977 1007 1052 putem,
1031 969 1078 1030 ati
1106 967 1293 1030 redditum:
1315 989 1362 1030 uon

276 1061 358 1121 enim
379 1059 421 1119 ita
442 1059 605 1141 peragitur
644 1053 707 1116 uod
727 1053 1076 1115 tumultuariamilitum
1098 1074 1198 1118 maun
1222 1073 1362 1136 exequen-

275 1143 349 1202 dum
373 1144 558 1204 mandatur:
592 1079 645 1201 red
672 1139 818 1199 trudendo
841 1145 1013 1220 apertaque
1033 1137 1065 1196 vi
1095 1137 1298 1217 patriarchio
1318 1157 1360 1196 er·

277 1234 459 1306 portarent,
482 1225 614 1287 necdum
635 1222 753 1284 seilicet
776 1243 835 1304 per
855 1220 1082 1304 aegritudinem
1107 1220 1215 1301 ipsum
1235 1220 1361 1282 incedere

276 1310 437 1372 valentem.

358 1407 397 1470 10
450 1407 630 1470 ἀπέκτεινεν
657 1405 713 1467 καὶ
749 1398 987 1480 ἐθαλᾰσσωσεν]
1016 1407 1174 1466 interemit
1205 1427 1246 1466 nc
1270 1404 1361 1488 pelago

165 1515 169 1528 ³
273 1495 387 1570 mersit,
408 1513 441 1553 ex
477 1498 614 1572 utroque
636 1489 753 1550 scilicet
781 1487 904 1549 ordine.
955 1486 1031 1570 quid
1059 1487 1136 1549 velit
1160 1488 1203 1550 de
1227 1487 1361 1552 revocetis

274 1576 413 1637 exulibus
434 1573 597 1636 deficiente
618 1573 727 1635 codice
747 1571 889 1634 divinare
910 1592 972 1634 non
995 1592 1174 1654 possumus.

360 1699 397 1761 11
440 1693 494 1760 tir
518 1701 629 1780 goim]
660 1720 723 1759 nno
746 1698 846 1760 verbo
870 1705 983 1760 auctor
1006 1718 1184 1782 anonymus
1218 1693 1259 1758 τὰ
1281 1693 1361 1772 {odia
1406 1703 1412 1734 '³

273 1780 330 1844 τοῦ
350 1777 571 1863 innodp'opion.
594 1783 765 1844 draconem
779 1780 918 1865 intelligo
939 1781 980 1842 ad
1001 1781 1078 1842 circi
1093 1803 1188 1843 mare
1211 1803 1265 1842 seu
1284 1801 1360 1862 aqut-

275 1890 345 1928 rum
366 1868 466 1926 sinum
488 1888 525 1928 ac
548 1869 677 1928 fontem.
1039 1875 1044 1880 '

358 1975 398 2035 99
440 1969 680 2053 ὃἈμορραΐος]
714 1997 777 2036 non
801 1975 904 2057 placet
925 1994 959 2034 ea
982 1995 1052 2047 von,
1076 1994 1136 2034 nee
1160 1974 1256 2056 quod
1274 1991 1351 2034 enen-

276 2059 393 2135 datum,
420 2053 644 2137 ὄἎμωραῖος.
667 2061 774 2120 melius
796 2059 1001 2119 continuator
1021 2057 1095 2118 Vat.
1119 2048 1137 2114 ὅ
1162 2057 1200 2132 ἐξ
1222 2053 1351 2134 Ἀρρὼυ.

276 2141 360 2225 quod
385 2143 489 2202 statim
509 2143 652 2224 sequitur
676 2142 714 2205 de
738 2142 864 2203 remissa
887 2137 1038 2222 tantisper
1058 2140 1224 2203 Miclrne'le
1249 2139 1356 2221 impera-

276 2233 346 2287 tore
369 2226 498 2286 excitata
523 2249 539 2286 a
563 2229 668 2289 Leone
691 2227 925 2307 persecutione,
944 2225 1073 2307 egregie
1098 2227 1244 2308 lguatius
1265 2225 1291 2285 in
1310 2221 1356 2280 ritr

275 2310 307 2369 S.
326 2309 495 2392 Nicephori
518 2311 652 2390 exponit,
677 2311 730 2392 qui
751 2318 783 2372 et
806 2318 947 2369 navatam
968 2308 1038 2368 viro
1059 2319 1177 2370 sancto
1195 2329 1318 2392 opernm
1333 2311 1358 2364 nt

275 2392 458 2454 Michniilem
481 2393 626 2454 ecelesiae
655 2393 813 2456 addiceret
843 2392 974 2474 pulchre
996 2389 1163 2472 describit,
1191 2385 1359 2456 deterrendo

276 2478 423 2537 nimirum
454 2478 493 2538 nb
522 2477 643 2538 haeresi
676 2477 844 2540 decessoris
880 2475 1031 2557 exemplo,
1062 2478 1118 2558 qui
1144 2478 1192 2538 ita
1217 2478 1320 2538 misere
1337 2475 1359 2533 iu

276 2560 393 2642 templo
415 2561 513 2626 vitam
533 2561 717 2650 abrupisset.
769 2561 937 2644 quaesitam
969 2563 1043 2620 item
1064 2560 1220 2621 Micltaiili
1245 2551 1358 2640 tidtnpt

276 2643 362 2721 ρίαν,
385 2651 415 2704 et
438 2651 473 2704 ut
494 2645 580 2728 quod
603 2645 695 2706 vellet
715 2647 844 2727 quisque
862 2652 1046 2724 sectaretur,
1069 2665 1128 2705 nec
1155 2644 1212 2705 alii
1237 2645 1303 2706 aliis
1323 2639 1353 2702 nl

276 2726 507 2810 loquerentur;
530 2749 628 2811 eaque
650 2729 761 2790 silentii
784 2728 966 2790 conditione
976 2726 1178 2810 Nicephorus
1201 2727 1307 2791 sedem
1326 2743 1353 2786 tt·

276 2810 407 2892 ciperet.
460 2833 571 2872 verum
604 2810 680 2872 haec
706 2815 860 2894 tantisper
892 2809 1103 2893 expectanda,
1126 2822 1168 2872 ut
1193 2823 1226 2874 et
1245 2811 1357 2874 laudata

210 2933 222 2942 -
277 2896 489 2972 continuator,
511 2897 566 2978 qui
589 2896 653 2978 ipse
673 2897 738 2958 fuse
752 2895 956 2978 prosequitur
979 2916 1058 2979 quae
1078 2897 1148 2958 Leo
1172 2897 1263 2960 velut
1286 2899 1358 2958 solun

277 3000 335 3040 acu
356 2988 455 3041 notat.

332 3153 333 3156 Ἴ
361 3077 401 3140 93
445 3071 505 3160 ἀφ’
532 3067 599 3156 ὧν]
631 3080 722 3141 aliter
759 3081 919 3142 emendem
950 3103 1043 3163 quam
1077 3079 1258 3164 interpreti
1287 3081 1358 3140 vlu

276 3161 410 3246 [omittit
429 3162 587 3246 Gnarus];
611 3165 784 3247 leviorique
806 3187 858 3226 seu
885 3165 987 3246 potius
1009 3160 1093 3224 nulla
1116 3167 1308 3240 mutatione,
1323 3155 1359 3220 tel

276 3247 365 3307 unius
391 3247 539 3308 duntaxat
561 3249 717 3326 elementi,
739 3247 824 3330 quod
846 3247 1001 3310 festinanti
1025 3247 1154 3310 scribae
1179 3251 1303 3324 excidit,
1322 3264 1360 3306 rt·
1412 3291 1413 3324 3

275 3331 453 3406 stitutione,
476 3342 511 3392 ut
535 3328 608 3391 cirri
628 3330 687 3392 τοῦ
716 3328 772 3413 ἀφ’
794 3321 855 3411 niv,
877 3333 916 3394 eit
940 3321 1094 3413 Ἀφρωνε
1127 3355 1199 3394 curn
1233 3332 1311 3394 tum
1330 3329 1359 3387 itt

270 3413 393 3495 pridem
416 3415 490 3492 Afri
512 3415 548 3476 ob
573 3430 697 3498 peccata
715 3416 841 3500 populi,
866 3436 1024 3497 eorumque
1043 3417 1098 3498 qni
1118 3438 1226 3478 rentm
1246 3418 1358 3501 pott'trfl·

275 3509 325 3557 tnr
343 3499 542 3580 impietatem,
562 3503 722 3582 coepissent
740 3522 786 3560 nes
811 3499 1043 3560 Ctrnrrtznomm
1076 3501 1113 3559 in·
1135 3503 1252 3562 humile
1272 3515 1358 3580 rogen,

274 3601 401 3664 crineque
422 3581 544 3642 ditionis
553 3585 672 3658 facere.
719 3582 837 3644 dictum
858 3581 919 3644 hoc
942 3581 1150 3646 distinctione
1172 3586 1213 3647 nb
1229 3585 1359 3647 aliirtn·

275 3663 376 3737 bibus,
398 3665 452 3746 qni
476 3665 600 3747 pridem
620 3667 652 3728 in
675 3667 765 3751 Syrie
790 3669 930 3750 Aegypto
953 3665 1088 3728 uelocis
1112 3669 1184 3730 aliis
1206 3691 1275 3733 rem
1294 3664 1357 3726 lale·

276 3749 437 3810 iactassent
458 3751 641 3810 Romanam.
696 3751 855 3812 Cedrenus
883 3751 997 3812 Arabes
1029 3750 1193 3833 Hispanos
1215 3762 1304 3816 vocat
1320 3743 1357 3830 qli

275 3831 402 3893 Cretum
424 3842 578 3915 ceperunt
598 3835 735 3916 eliaeque
755 3834 876 3912 insulas,
901 3835 957 3915 ipsi
973 3833 1128 3896 nimirum
1145 3839 1202 3920 qui
1223 3850 1255 3900 et
1274 3852 1356 3898 eunte»

208 3975 210 3982 ,
275 3913 390 3976 derunt
411 3916 442 3977 in
465 3917 570 3978 Asrica
585 3939 628 3990 ,ac
652 3928 788 4002 utruque
810 3917 877 3979 loca
900 3917 1060 3980 tenebant.

357 4031 397 4093 94
438 4033 704 4112 προσεκαλέσατο]
737 4035 853 4096 isthaec
873 4035 980 4096 eadem
996 4035 1148 4178 pluribus
1181 4039 1358 4101 continuator

275 4115 347 4176 Vat.
386 4124 430 4177 el'
446 4137 481 4178 et
503 4139 540 4178 eo
564 4115 756 4196 Cedrenus,
784 4121 837 4203 qui
861 4119 948 4180 hanc¹
966 4121 995 4178 T

1019 4141 1057 4180 eo
1086 4121 1145 4183 hili
1187 4123 1380 4186 seueritatem]

275 4219 335 4260 non
359 4209 426 4262 tam.
445 4202 578 4264 institiae
596 4205 662 4266 zelo
685 4205 855 4280 ascribunt,
881 4225 975 4287 quam
999 4213 1033 4264 ut
1051 4143 1083 4266 il

1075 4207 1104 4270 le
1123 4209 1185 4271 sibi
1208 4211 1248 4271 ab
1270 4199 1358 4268 insidiis
