2826 4868
218 279 273 343 on
290 278 598 345 mmsltomcl
618 281 646 344 l
666 281 826 344 munus
836 229 990 344 'cunm
1079 264 1154 342 tta

58 433 188 520 Σικελῷ,
207 425 243 496 ‘dr
262 431 318 496 ιιαί
335 432 471 516 γνησίοις
494 429 654 514 αόθὲντην
673 428 882 516 ἐπεγράφετο,
903 432 997 517 ψυχῇ
1017 429 1054 493 di
1077 423 1154 492 ἔαυ-

28 533 30 535 ’
57 535 108 622 τῷ.
151 528 315 597 ἰνδάλλετο
334 530 397 614 γάρ
423 531 496 616 (cdx
515 528 645 610 οἴδαμεν
667 525 785 614 ὅπως),
805 531 889 594 καθά
910 531 966 592 καί
986 531 1156 612 προεξεθέ.

52 637 155 716 μιθα,
177 625 245 712 disus
268 654 301 697 τε
322 631 538 717 ἐκφαίνεσθαί
548 651 621 712 που,
646 628 702 694 καί
720 626 841 705 πάντας
863 628 964 704 ου’θός
982 625 1158 704 τούς“Ροο-

52 735 164 816 μαίων
187 724 379 817 όφθαλμοός
399 732 445 805 οἷς
467 729 564 796 αότόν
586 727 631 804 σός
648 724 739 814 ἥλιον
759 730 1008 816 ἐπιστρέφεσθαι
1022 730 1078 792 καί
1096 729 1156 790 ου’.

28 834 114 904 orosi
134 827 235 912 μόνον
260 832 416 914 γίνεσθαι.
685 869 689 874 =
1111 834 1114 838 '

135 925 297 1014 Ἐξεῖρψεν
318 921 375 994 οὖν
395 927 415 1013 ἦ
438 931 564 1013 Aurius]
585 929 628 1012 γῆ
646 929 766 1013 πλῆθος
787 919 870 991 σάτα
894 924 973 990 πολὺ
996 927 1160 1006 στρατιᾶς,

53 1029 116 1119 ἀφ’
136 1027 250 1096 ἱκανοῦ
269 1023 353 1113 ἧμᾶς
377 1030 542 1116 ἐνφοβοόν.
595 1027 651 1093 κατ’
673 1025 814 1111 γίνονται
847 1024 959 1102 πάντες
989 1030 1044 1110 τῆς
1063 1027 1161 1092 Ἱλλυ-

55 1132 138 1216 ριοόν
159 1127 382 1214 ἤπειροότιόος,
401 1126 423 1214 ἢ
444 1131 626 1212 τερματιζει
644 1125 685 1194 τό
704 1126 872 1210 ‘Posterior
894 1127 940 1201 εἰς
953 1126 1010 1192 τόν
1028 1127 1161 1208 arturus

56 1227 190 1295 νόλνιον·
237 1224 294 1293 uui
322 1227 528 1313 περισχόντες
560 1225 620 1313 την
650 1230 714 1293 τοῖν
749 1228 852 1292 ἐκεῖσε
877 1226 1091 1312 μητρόπολιν,
1123 1223 1158 1289 ιό

15 1323 427 1414 1οΔορράχιον,άπονητί
459 1328 708 1413 άποχιιροόνται
731 1325 787 1393 καὶ
807 1323 852 1402 ιός
872 1329 972 1392 εἰπεῖν
1002 1324 1160 1406 αάτσβοτό,

55 1426 137 1493 κατά
159 1429 220 1508 μὲν
239 1425 294 1493 τόν
308 1422 511 1514 Ἀνδρόνικον
527 1428 630 1514 φάναι
657 1429 891 1512 προόεόομένην
912 1421 965 1490 ὑπ’
988 1420 1092 1490 ἄλλων
1115 1429 1160 1501 εἰς

55 1526 90 1592 τό
122 1531 185 1592 πᾶν
216 1524 315 1612 (οὕτω
335 1526 395 1611 γάρ
427 1530 543 1605 ἐκεῖνος
573 1524 817 1610 ε’θερόπεοεητά
854 1533 921 1591 κατ’
952 1524 1066 1605 αότόν,
1098 1526 1160 1609 οὐχ

56 1622 162 1715 inusti
181 1627 252 1690 ἀλλ’
272 1621 389 1710 ἑτέροις
410 1629 597 1714 ἐπιγράφων
618 1623 641 1690 d
662 1625 833 1710 όόοοτόχιι
856 1629 898 1690 δι’
922 1625 1022 1692 αὐτόν
1043 1622 1160 1711 ἤῬοσ.

56 1727 134 1808 unic
153 1728 231 1811 γῆ),
253 1725 334 1808 πρός
353 1727 389 1792 δὲ
405 1727 561 1810 άληθειαν
582 1726 637 1791 siss'
659 1726 759 1792 αάτοῦ
783 1728 904 1791 ἐκείνου
917 1723 1081 1810 πρόδοτον.
1105 1725 1162 1790 κατ’
1206 1800 1209 1806 ¹

18 1823 119 1910 ttyu'p
151 1846 201 1890 τοι
230 1822 291 1909 πρό
325 1829 473 1910 βραχέων
500 1827 623 1910 χρόνον
643 1825 808 1908 Ῥιομανόν
828 1849 900 1889 τινα
921 1823 1060 1907 στειλας,
1083 1822 1158 1890 όνό

55 1922 154 2000 καλός
177 1916 301 2010 Ἴστρος
323 1927 450 2016 φαύλην
470 1926 648 2010 α’νιόρροιαν
684 1925 972 2010 ἑναιιερεοξάμενος
996 1927 1043 2001 εἰς
1065 1931 1158 1992 Κων-

54 2025 314 2090 σταντινοόπολιν
332 2021 479 2110 γαμβρόν
504 2029 611 2116 ἐκείνην
635 2025 817 2112 ἐφυλάξατο
850 2027 885 2090 ἐν
906 2033 972 2102 τοῖς
989 2025 1062 2091 τότε
1085 2047 1158 2089 και-

55 2130 145 2211 ροῑς’,
168 2125 244 2202 roric
276 2127 311 2192 ἐν
336 2129 381 2214 τῷ
413 2126 590 2216 Δορραχόιρ
629 2129 808 2200 ἀνθοῦντος
845 2122 985 2210 ἐμάρανε
1019 2122 1157 2190 πλοότοο

58 2222 165 2310 ἔρωτι,
185 2223 293 2303 ὁποῖος
313 2227 441 2308 ἐκεῖνος,
461 2230 607 2292 πλουτῶν
638 2220 790 2309 άντινιρος
810 2225 850 2290 τά
872 2229 1016 2309 τοιαῦτα,
1037 2221 1082 2310 μη
1102 2247 1156 2288 κο.

21 2323 252 2407 λθρτννόμενος.
277 2327 449 2392 κάντεόθεν
470 2321 490 2413 ἦ
514 2325 602 2401 πόλις
622 2329 817 2391 trusus-‘lelna
837 2328 892 2390 καί
910 2323 955 2410 μη
979 2327 1062 2392 πάνυ
1082 2347 1155 2410 γεν-

63 2423 154 2500 ναιάς
172 2427 369 2510 άντιιτχοόσα
388 2421 493 2511 ἑάλω,
513 2424 570 2491 suss'
588 2430 739 2509 μαλακάς
759 2423 880 2490 ἔπαθεν
905 2430 1100 2510 ἐμπρησμοῖς
1121 2448 1155 2489 re

60 2524 114 2588 καί
131 2529 253 2604 λοιποῖς
271 2535 388 2609 κακοῖς,
408 2523 509 2595 όπόσα
531 2534 623 2616 φιλτι·
634 2527 843 2614 α’νόρῐςεσθαι
862 2526 1000 2609 πόλεμος
1021 2527 1062 2590 ου’
1082 2549 1156 2612 στη·

56 2799 165 2856 statem,
183 2801 215 2846 ut
234 2793 381 2848 simulabat
395 2795 523 2866 quidem,
543 2795 637 2861 Siculi,
659 2813 740 2867 quesn
758 2813 823 2849 sene
840 2795 991 2866 principem
1010 2792 1062 2846 sibi
1083 2792 1155 2847 iere-

55 2863 115 2926 bat,
131 2861 179 2916 sed
197 2881 290 2918 revers
311 2883 385 2918 sunm
400 2869 493 2938 ipsius,
511 2866 670 2920 redacturus
691 2883 759 2920 esee.
797 2868 898 2919 etenim
917 2865 1021 2926 nescio,
1038 2877 1155 2936 quomo·

55 2933 93 2987 do
115 2935 217 2987 lectum
233 2937 278 2999 sit,
297 2945 329 2990 ut
348 2939 515 3010 opinaretur,
536 2937 763 3009 quemadmodum
781 2954 861 3008 supra
873 2937 1056 3006 exposuimus,
1073 2939 1156 2989 simu-

55 3007 154 3076 latque
181 3009 368 3077 apparuisset,
401 3011 521 3062 omnium
541 3011 633 3061 stetim
657 3010 752 3061 oculos
780 3011 961 3060 Romanorum
980 3009 1009 3059 in
1028 3016 1113 3060 semet
1126 3016 1157 3059 ut

55 3079 144 3131 solem
164 3093 322 3130 conversum
341 3081 373 3131 iri
394 3089 421 3132 et
439 3080 490 3132 sibi
511 3080 562 3131 soli
584 3079 743 3132 inhaesuros
763 3096 830 3131 esse.

128 3149 222 3201 Emisit
241 3151 325 3217 igitur
342 3159 413 3204 terru
424 3152 519 3204 lutino
537 3159 640 3202 tantum
657 3150 775 3201 militum
795 3147 1008 3212 multitudinem,
1027 3163 1097 3218 quse
1114 3165 1157 3200 ss·

54 3222 92 3272 tis
108 3237 158 3272 nos
186 3221 369 3273 terrelsceret.
415 3225 570 3290 congregati
594 3238 687 3273 omnes
711 3222 741 3272 in
766 3221 924 3286 lllyriorum
942 3235 1037 3285 egros,
1055 3217 1156 3288 quihus

55 3290 203 3361 imperium
221 3292 370 3345 liomsnurn
397 3292 432 3356 sd
451 3295 539 3344 sinum
563 3292 728 3345 Adriaticum
756 3293 933 3353 terminetur,
951 3287 1080 3342 obsident
1097 3293 1156 3342 eius

56 3365 183 3430 regiones
202 3363 296 3415 urbem
322 3363 538 3432 Dyrrhachium,
564 3381 595 3416 sc
614 3363 695 3416 facili.
715 3377 797 3432 opere
816 3370 845 3414 et
863 3362 912 3413 sub
932 3377 1050 3422 mansum,
1069 3370 1100 3413 ut
1118 3363 1156 3414 its

54 3433 156 3496 dicem,
176 3444 341 3504 expugnent,
358 3435 504 3505 proditum,
523 3443 554 3488 ut
574 3434 742 3487 Andronicus
774 3432 885 3504 quidem
905 3432 1022 3495 dicebat,
1039 3430 1075 3481 sb
1095 3433 1156 3483 eliis

55 3507 170 3558 omnino
192 3506 312 3576 (solebat
338 3509 411 3558 euim
428 3511 468 3559 its
486 3507 535 3558 ille
555 3523 673 3559 resenas
703 3509 883 3566 constituere,
902 3513 933 3555 ut
951 3521 1007 3555 non
1025 3502 1086 3566 sibi,
1109 3502 1157 3554 sed

53 3577 119 3629 nliis
139 3578 311 3639 attribueret,
331 3581 353 3629 si
373 3578 442 3648 quid
461 3577 619 3631 detrimenti
638 3594 687 3647 per
708 3593 770 3629 eum
790 3577 907 3646 cepisset
925 3583 996 3627 trrrs
1016 3575 1156 3643 Romans),

53 3647 105 3700 sed
127 3664 218 3700 revere
238 3648 273 3699 nb
293 3651 352 3720 ipso
371 3649 515 3720 proditam.
553 3651 653 3702 etenim
672 3649 754 3719 peulo
777 3645 840 3700 siste
860 3648 941 3698 misso
960 3645 1166 3711 Dyrrhachium¹

53 3721 179 3772 Romano
198 3719 324 3790 quoslnm,
346 3720 419 3790 quod
437 3729 535 3774 tetrum
557 3722 764 3774 eiectamentum
775 3719 881 3790 Cpolim
903 3715 1023 3768 delutum
1042 3714 1158 3787 pulcher

52 3792 108 3843 itte
129 3789 198 3842 lster
216 3805 344 3860 generum
363 3791 516 3844 Andronico
544 3791 578 3842 sd
603 3791 673 3843 illud
692 3801 798 3860 tempus
820 3797 976 3852 asserverat,
994 3787 1157 3839 exhauserat

52 3859 175 3915 subinde
194 3863 381 3932 opulentiores
399 3866 501 3916 incolas
513 3861 632 3916 habendi
647 3881 678 3914 cu
702 3863 805 3924 islitste,
824 3877 878 3932 qus
899 3867 964 3920 erut,
984 3860 1156 3980 ppuntumsis

51 3935 109 3988 isto
129 3931 213 3984 modo
227 3931 370 3997 ditescens,
385 3935 545 3987 insatiabili.
583 3932 655 3986 uode
690 3941 815 4005 eprnvntn
833 3948 884 3985 uec
905 3928 984 3982 νόοιο
1006 3947 1048 3980 nm
1071 3945 1155 3998 gene·

36 4021 117 4058 ›rose
138 4005 226 4056 renisa
247 4007 342 4058 ciritss
361 4022 391 4058 ee
409 4015 496 4076 cepta,
518 4014 546 4059 et
563 4005 735 4058 muliebriter
753 4002 888 4056 incendiis
907 4003 1058 4072 ceterisque
1077 4003 1156 4054 mulis

52 4091 137 4149 passa
166 4085 225 4140 est,
244 4093 315 4147 quse
338 4075 412 4129 bello
434 4079 520 4146 infligi
540 4078 639 4140 solent,
658 4076 733 4146 quod
753 4093 808 4127 non
828 4082 1003 4138 cessaturum,
1022 4071 1071 4124 sed
1088 4089 1155 4143 pro-

39 4165 213 4218 ¹gressnrum
239 4157 268 4200 et
286 4149 408 4218 reliquos
432 4147 561 4220 deinceps
580 4157 685 4202 terrore
704 4163 892 4220 percussurum
914 4152 979 4200 sru.
1008 4144 1046 4196 itn
1073 4145 1156 4214 igitur
