2828 4874
537 304 687 370 NOTAE.
1088 295 1160 368 525

64 478 243 578 disciplinae
264 475 464 552 adversatur,
484 475 599 541 nedum
633 474 719 561 quod
741 474 915 538 catholicae
937 471 1008 535 fidei
1030 483 1160 536 contra.
1191 463 1193 470 '

66 587 148 626 rrum
170 573 228 626 est.
811 597 812 600 =

146 669 188 734 89
229 665 309 750 perd
333 669 401 730 τοῖν
414 661 609 751 Ἀγαρηνιόν]
626 668 756 732 delenda
775 662 934 747 voxurrri,
955 689 991 728 ac
1013 668 1161 750 suppleu-

66 756 142 820 dum
166 776 202 818 ex
226 761 390 840 Anonymo
415 750 643 836 ἀπεσκίρτησε,
675 748 719 834 μή
749 752 842 816 τοῦτο
875 751 1005 832 ποιῆσαι
1028 750 1163 812 καταδι-

66 839 210 920 ξάμενος.

148 937 198 1018 90,
231 937 367 1020 φατλίοο
398 935 552 1022 spumosi]
586 939 670 999 intra
703 937 851 1000 bacillum
873 955 964 998 cerae
986 933 1162 1010 candidan

66 1027 149 1086 iutra
172 1043 299 1084 cmum.
344 1018 360 1081 ὃ
386 1017 517 1102 πρακτὸς
538 1018 635 1102 κηρὸς
656 1023 745 1083 A'e'tio
766 1043 835 1082 cera
856 1020 950 1101 olba,
971 1029 1003 1081 et
1023 1017 1060 1080 τὸ
1082 1039 1164 1094 τρα-

65 1104 209 1182 κταΐζειν
228 1107 268 1167 V.
286 1107 398 1170 Lexico
423 1127 458 1167 ex
472 1106 653 1166 Phavorino
675 1105 824 1168 dealbare
849 1114 905 1180 est,
926 1099 1012 1188 quod
1034 1103 1065 1164 in
1089 1121 1163 1164 cera

65 1189 219 1274 pinsendo
241 1189 285 1252 fit.
329 1189 367 1251 de
390 1188 520 1252 ciuibari
543 1187 636 1252 docte
657 1189 830 1272 Stephanus
855 1189 885 1250 iu
910 1182 1099 1270 Appendice.

150 1285 191 1352 91
235 1279 318 1352 (dora
344 1281 388 1370 μή
418 1287 606 1372 δυνηθῆναι]
634 1281 727 1366 μόλις
750 1287 946 1369 δυνηθῆναι,
969 1297 1005 1348 ut
1025 1284 1164 1371 quamvis

62 1393 159 1458 aegre
181 1372 361 1452 admodum,
382 1389 486 1436 tumen
510 1373 633 1436 affuerit
654 1373 907 1456 atqueoraverit
920 1366 1006 1433 κατὰ
1028 1366 1081 1436 ,τὸν
1101 1372 1165 1449 βα-

62 1453 186 1518 σιλικὸν
207 1459 321 1538 τύπον,
341 1477 401 1541 pro
431 1478 466 1520 eo
490 1477 532 1518 ac
554 1478 642 1518 orare
663 1458 820 1519 Ronrunos
852 1459 894 1518 ιάι
919 1469 1019 1517 ierat
1036 1476 1093 1516 usu
1113 1475 1165 1514 re-

62 1554 193 1624 ceptum.
237 1549 408 1624 suppetunt
430 1563 465 1604 ex
486 1540 685 1620 Nandaeano‚
718 1561 802 1602 nunc
823 1478 916 1602 Card
938 1539 1088 1602 Macariui
1108 1559 1167 1600 co·

65 1623 137 1686 dice
160 1632 222 1688 tres
246 1625 309 1687 eins
331 1626 489 1700 orationes
510 1625 572 1686 hoc
587 1623 1020 1708 argumenthibtiothecue
1040 1630 1166 1684 nostrae

68 1709 328 1772 concionatoriae
349 1731 419 1770 cum
442 1709 507 1771 aliis
533 1711 596 1772 eina
618 1707 807 1794 inserendae.
919 1751 923 1758 -

149 1808 189 1871 99
230 1809 451 1890 χαρτοθεσιλον
479 1810 535 1890 τῆς
554 1809 786 1892 πατριαρχιτιῆς
814 1808 976 1890 σακέλλης.
1020 1805 1064 1868 sic
1086 1787 1166 1868 bene

66 1893 261 1976 Anonymus.
302 1894 464 1954 carmanis
494 1892 615 1956 mnibus
633 1892 857 1978 patmumlralis
883 1891 993 1953 sacelli
1012 1893 1078 1952 sive
1100 1892 1166 1951 tice-
1230 1893 1231 1896 ’

60 1979 150 2036 sauri
167 1977 336 2041 combustis.

149 2081 190 2146 93
232 2083 375 2164 σοαγροῦ
404 2089 570 2164 στοιχεῖον]
592 2085 664 2170 apri
691 2086 897 2161 simulacrum,
922 2084 1004 2146 celtu
1028 2082 1072 2144 ad
1095 2103 1165 2144 coe-

60 2169 144 2230 lestis
165 2170 246 2252 signi
265 2171 419 2232 rationem
440 2169 489 2230 itu·
511 2171 713 2254 compositum.
756 2167 1033 2254 οτοιχειοοματικοί
1053 2165 1166 2227 dicun-

62 2261 119 2314 tur
142 2255 196 2342 quj
220 2255 333 2338 figuras
356 2253 506 2315 eiusmodi
522 2255 739 2316 astronomicas
753 2253 965 2336 superstitiose
987 2251 1165 2312 efformant.

149 2365 190 2430 94
245 2365 379 2447 Συμεών
403 2368 710 2450 παρασεσκοοάζετο]
742 2369 834 2432 foede
857 2369 936 2430 haec
964 2366 1095 2445 mutila,
1129 2385 1166 2426 ac

67 2449 153 2513 nullo
176 2473 284 2524 sensu,
318 2475 353 2514 ex
376 2456 542 2537 Anonymo
566 2465 596 2516 et
619 2454 764 2517 Cedreno
795 2453 929 2536 supple:
959 2443 1104 2531 εἰρήνης,
1124 2445 1167 2522 ὥς

66 2533 180 2617 ταύτην
202 2531 391 2618 ἀσπάζοιτο,
414 2533 470 2598 καὶ
497 2537 554 2600 τοῦ
577 2539 846 2620 φιλοφρονεῖσθαι
877 2530 972 2599 ον’τόν
1000 2529 1056 2596 καί
1075 2531 1166 2610 τιμᾶ,

65 2619 156 2697 σθαι,
176 2610 282 2698 ὥσπερ
312 2616 351 2700 δὴ
373 2621 428 2684 καί
450 2621 504 2685 ἐπὶ
529 2623 588 2682 τοῦ
608 2620 765 2700 βασιλέως
787 2620 935 2694 Λέοντος.
978 2614 995 2678 o‘
1019 2616 1053 2679 δὲ
1073 2611 1166 2700 ἄνοι’ςι

62 2696 121 2798 anui
140 2697 305 2786 α’φροούνῃ
337 2705 507 2786 κρατηθείς
539 2699 614 2777 τούς
643 2705 791 2785 πρέσβεις
828 2701 948 2779 ἀτίμως
980 2701 1165 2781 ἐξέπεμψεν,

62 2789 214 2858 απειλαῑς
231 2785 394 2866 χριόμενος
418 2785 499 2851 κατὰ
518 2786 661 2866 Συμεών,
682 2785 737 2850 καί
763 2785 990 2869 καταπλήττειν
1010 2781 1163 2863 οἰόμενος.

63 2869 124 2952 τῆς
146 2857 204 2930 οὖν
225 2865 351 2952 εἰρήνης
373 2871 580 2952 διαλυθείσης
603 2867 744 2948 Συμεών.

148 2973 187 3040 95
227 2975 324 3042 ¹dorum*
343 2977 406 3040 coir
426 2979 569 3059 σχολῶν]
587 2979 719 3040 insolens
741 2979 868 3054 titulus,
895 2998 951 3039 nec
973 2976 1030 3038 nisi
1053 2995 1165 3054 errore

66 3059 190 3122 librarii
214 3082 250 3122 uc
271 3071 370 3124 textus
391 3063 589 3124 mutilatione
611 3071 711 3124 natus.
736 3061 963 3125 emendandum
978 3081 1013 3122 ex
1036 3059 1099 3120 aliis
1121 3059 1167 3143 τρῖ

60 3142 197 3226 Δοοκός,
219 3139 267 3206 ἄλ.
288 3143 399 3222 Δοοκί,
423 3147 485 3207 τῶν
514 3145 640 3224 σχολῶν
660 3145 847 3230 Δομεστικῷ
868 3144 1063 3224 ῶποιαπιίπρ
1082 3142 1166 3204 ducis

51 3227 129 3314 filio
150 3232 224 3306 (siue
243 3231 336 3292 ctiam
355 3229 448 3305 Duci)
468 3229 638 3290 scholarum
658 3231 831 3292 domestico.

145 3326 186 3392 96
229 3327 320 3414 ἐντῷ
348 3323 547 3416 ἱππολρομίιρ
576 3321 792 3411 ὑποχώρησιν]
816 3327 908 3391 Cedr.
938 3317 1021 3407 αἴρας
1042 3325 1164 3388 ἐκεῖθεν

60 3409 108 3482 εἰς
129 3407 163 3474 td
185 3408 394 3492 ἱπποδρόμιον
418 3415 633 3492 παραγίνεται.
661 3435 694 3474 sc
714 3417 747 3474 iu
768 3415 887 3474 uticum
916 3412 1073 3474 subduxit.
1100 3409 1164 3470 dif-

59 3494 142 3558 ficite
166 3497 252 3575 mihi,
275 3500 319 3560 uti
340 3505 371 3558 et
393 3495 555 3582 Xylandro
567 3543 576 3576 ,
599 3495 759 3579 quomodo
778 3519 796 3558 a
818 3497 903 3558 Circi
924 3505 1018 3578 porta
1038 3495 1167 3556 submo-

61 3590 123 3655 tus,
144 3582 304 3662 profectus
327 3581 400 3642 inde
423 3583 454 3642 in
471 3581 599 3642 Circum
624 3583 745 3644 venerit
767 3589 823 3642 aut
843 3603 876 3643 se
898 3579 928 3641 in
952 3601 1023 3642 eum
1046 3577 1167 3639 subdu-

61 3663 152 3724 xerit.
196 3685 259 3725 non
282 3668 363 3726 enim
388 3666 538 3748 congruit
559 3664 647 3750 quod
669 3665 827 3728 redditum
856 3673 911 3742 est,
937 3665 1026 3725 Circo
1045 3685 1076 3722 sc
1094 3661 1168 3722 sub-

60 3743 164 3809 ducit.-
185 3750 244 3809 nisi
267 3749 352 3812 forte
372 3771 432 3832 per
454 3749 544 3812 eliam
568 3759 706 3832 portam,
728 3750 880 3810 maiorive
897 3749 1017 3831 impetu
1040 3744 1168 3806 in‘Cir·

61 3853 135 3893 cum
158 3833 317 3914 perrupit,
339 3841 471 3918 tumque
492 3853 530 3896 eo
551 3844 708 3916 occupato
729 3835 768 3896 ad
791 3833 937 3895 Cbalcern
960 3831 1057 3914 ipsam
1080 3829 1168 3912 pata-

63 3914 102 3978 tii
127 3923 254 3996 portam
276 3913 463 3998 penetravit,
488 3919 518 3978 in
533 3940 595 4002 qua
615 3918 716 4001 gravis
738 3917 788 3978 itta
810 3938 916 4001 pugna
929 3924 1071 3978 conserta
1095 3914 1165 3974 fuit.

63 3999 109 4062 sic
132 3999 277 4080 equidem
300 3999 451 4062 existimo.

147 4096 186 4160 97
229 4097 365 4169 πολλοὺς
388 4099 449 4162 τῶν
479 4102 513 4162 ἐν
534 4101 629 4176 τέλει]
653 4124 723 4164 cum
746 4103 937 4187 Anonymo‚
960 4098 1008 4161 vel
1032 4089 1167 4172 πολλοὺς

62 4182 127 4246 τῶν
147 4183 362 4265 συγκλητικῶν
384 4205 454 4248 cnm
479 4187 635 4250 Cedreno.
