2828 4874
251 297 328 376 492
652 355 654 358 -
678 303 930 368 EUSTATillUS

252 463 361 546 ἑποιέι,
381 457 488 534 eddela
509 456 549 524 ἀν
571 453 684 542 έγγόιγν
703 457 809 520 idolico
840 449 1123 534 περισωθήσεσθαι
1147 449 1206 514 τόν
1227 441 1345 529 drepe-

252 585 320 626 πον.
362 561 434 624 ἀλλ’
463 555 512 624 dra
531 556 587 622 xci
606 559 673 620 κατ’
706 549 790 617 οἶκον
809 553 938 634 κρυβείς
956 554 1015 614 ουίι
1040 547 1110 632 ἔχοι
1132 549 1252 633 σκότον,
1271 547 1345 612 ἀλλά

253 661 335 741 πυρὶ
353 657 591 736 κιτυλάμποιτο
623 656 774 741 ἀπουργῷ
796 647 819 735 ἢ
839 654 896 716 κατ’
915 653 1016 736 φατέ,
1044 653 1152 732 ἕτερος
1173 653 1267 714 τοῦτο
1287 652 1346 716 κιί-

254 761 359 837 δυνος,
380 757 565 840 περιιόντων
585 759 648 821 τοῦν
670 755 862 838 Σαρακηνιόν
892 755 947 816 κου’
962 749 997 816 εἴ
1011 774 1097 826 τινες
1113 753 1150 816 δὲ
1174 744 1265 814 ἄλλοι
1285 751 1344 814 κατ’

255 855 372 932 αῦτοῦς
402 859 574 938 κακοῦργοι
596 858 722 938 (πολλοὶ
740 856 774 918 δέ
795 849 1020 934 citocotiam),
1046 854 1103 915 κατ’
1121 845 1362 934 ἀνακρινόντυνδ

155 993 163 1008 ·
254 957 291 1022 τι’
306 959 405 1020 ποιοῦν
428 952 445 1018 ό
469 952 692 1037 οἰκοδεσπότης
715 957 760 1028 εἰς
780 948 880 1016 ῦπνον
898 950 941 1014 ου’
961 953 1197 1028 κατακέκλιται,
1220 951 1276 1014 κατ’
1295 973 1345 1010 κτ-

202 1090 208 1106 ·
253 1051 437 1122 susteneo
466 1054 525 1132 τάς
552 1051 675 1138 θύρας,
703 1055 759 1116 καὶ
782 1051 1001 1135 εἰσπηάιόντοιν
1019 1048 1107 1130 ἔσω,
1129 1053 1188 1114 κατ’
1209 1051 1345 1130 dodrans

255 1151 316 1220 daos
346 1150 387 1218 ἀν
417 1154 473 1220 καί
491 1148 554 1219 εἶεν
580 1156 793 1235 ,βουλομένοις
819 1152 938 1226 αὐτοῖς.
993 1149 1109 1232 ἔχομεν
1130 1155 1163 1214 δ’
1184 1153 1285 1215 εἰπεῖν
1299 1153 1345 1214 κοτ’

252 1249 298 1330 οός
319 1253 379 1336 οῦχ
397 1245 484 1318 οῦτοι
507 1253 598 1334 μόνοι
620 1255 790 1317 ἐκακοῦντο
826 1248 879 1316 διό
904 1248 1066 1336 πρόφασιν
1087 1247 1124 1312 τό
1151 1254 1219 1334 πῦρ
1242 1253 1297 1314 καί
1313 1247 1342 1313 τό

251 1356 332 1440 poia,
352 1351 430 1418 ἀλλά
453 1355 508 1417 κοτ’
532 1349 561 1416 οἱ
576 1350 814 1436 Ιἀνεμπῦρευτοι
841 1353 896 1416 κατ’
916 1347 1105 1435 ἀφιότιστοι.
1148 1342 1373 1430 όνεξέλεγπταιο

250 1451 311 1536 γάρ
335 1454 579 1538 έπεισφροῦντες
608 1450 638 1518 οἱ
657 1454 763 1531 κακοί,
783 1451 839 1516 καί
868 1449 923 1536 τόν
946 1453 1043 1516 edero
1068 1451 1150 1515 aloes*
1170 1453 1227 1514 κατ’
1248 1453 1345 1514 Aidoa

188 1554 363 1635 πορκυνέιγν
388 1553 433 1626 εἰς
466 1553 639 1636 ἐπίκρυφον
661 1553 960 1638 ἀμφιβεβλημένοι,
992 1540 1212 1634 γυναῖκάςτε
1236 1550 1346 1631 ἀπῆγον

232 1637 310 1716 ,inv
331 1646 511 1732 συντόνων,
534 1645 684 1736 ἀφιέντες
713 1651 769 1717 τόν
788 1655 845 1716 τοῦ
863 1647 967 1734 γόμου
997 1651 1092 1733 ζυγόν
1109 1646 1296 1733 ἓτεροκλινῆ
1313 1649 1347 1736 τῇ

247 1745 375 1836 ἀρπαγῇ
391 1755 446 1833 τῆς
461 1751 637 1831 δυνάμεως,
659 1748 699 1836 ἣν
712 1752 775 1816 dud
791 1748 867 1839 ἡλίῳ
886 1753 1115 1834 ότευκρινοῦντι
1135 1749 1344 1820 κατασκεπτό-

246 1872 334 1929 μενοι
357 1849 464 1927 νυκτὸς
486 1850 687 1936 ἀφήρπαζον,
710 1855 766 1916 καί
788 1850 934 1926 νεόνιόας
956 1855 1021 1915 suiv
1042 1851 1266 1934 γειναμένων,
1286 1851 1370 1919 ότι-15

247 1956 322 2030 λεῑς,
355 1950 440 2014 καθά
461 1973 507 2024 τις
527 1948 602 2035 ἔφη,
623 1949 680 2026 τός
700 1955 763 2016 τοῖν
794 1948 948 2015 τεκόντων
978 1951 1026 2013 ἐπ’
1046 1951 1165 2024 ου’ταῖς
1188 1949 1337 2033 εάχάςιι.

246 2053 384 2132 θέμενοι.
428 2051 459 2116 εἰ
477 2053 512 2116 δὲ
532 2051 586 2114 κατ’
605 2049 758 2136 χρήματα
787 2053 970 2134 συνυπῆγον
992 2044 1052 2115 όσοι
1075 2050 1131 2112 καί
1151 2049 1337 2134 προῖκόςτι.

247 2173 322 2231 νοις,
343 2154 378 2214 ἐκ
407 2155 592 2232 περιουσίας
613 2152 703 2214 τουτί
724 2148 760 2214 τό
784 2147 890 2214 κακόν.
941 2143 1023 2232 ἦσαν
1044 2150 1079 2214 δὲ
1098 2151 1135 2214 οΐ
1153 2151 1216 2214 κατ’
1238 2151 1341 2236 ε’σφότ.

247 2271 336 2314 τοντο
357 2251 411 2314 ἐπὶ
438 2253 499 2326 τῶν
520 2252 627 2316 οἰκιοῖν
647 2253 840 2334 τηνικαῦτα,
863 2250 941 2338 ἦλίιρ
963 2245 1154 2334 ἀμάρτυρον
1175 2249 1279 2316 κακόν
1297 2247 1342 2313 τό·

247 2371 386 2432 σχόντες.
429 2352 484 2414 καί
504 2347 539 2414 τό
561 2346 699 2434 αι”τιονῆ
722 2347 904 2432 νυκτιλόχος
923 2351 1023 2430 μανιά
1044 2343 1066 2431 ἢ
1086 2344 1142 2413 ότι
1166 2352 1306 2434 ἐξεβόων
1321 2347 1368 2414 os

246 2448 526 2531 κακουργοῦμενοι.
577 2445 647 2522 ὅσοι
676 2452 712 2514 δὲ
740 2452 804 2515 τοῖν
835 2445 1008 2535 βαρβάρων
1038 2441 1279 2530 έπιεικὲστερόι
1302 2445 1345 2511 soi

247 2547 474 2632 παιγνήμονες,
503 2542 590 2614 οῦτοι
620 2553 656 2614 δὲ
682 2549 755 2614 ἀλλ’
776 2547 903 2634 η’γόπων
930 2548 1049 2630 θύραις
1068 2548 1283 2629 ἐναλλόμενοι
1303 2545 1345 2611 καὶ

248 2643 416 2724 κόπτοντες
444 2647 578 2733 ῥάβδοις
600 2648 720 2732 ου’τάς,
752 2649 808 2716 κατ’
831 2645 852 2733 ἢ
874 2645 1056 2736 ῥιπτοῦντες
1079 2651 1140 2712 κατ’
1158 2651 1208 2724 εἰς
1235 2649 1343 2736 φόρτον

250 2911 303 2966 cta,
323 2903 461 2973 quonism,
482 2903 534 2954 nisi
551 2904 590 2956 ita
608 2903 725 2968 fecisset,
744 2921 824 2956 nemo
843 2903 921 2956 illum
939 2904 1041 2955 salvum
1062 2901 1123 2954 l'ors
1144 2901 1284 2972 spondere
1299 2917 1339 2970 po·

250 2980 329 3026 terat.
365 2991 473 3037 verum,
494 2975 565 3027 intra
583 2977 701 3046 parietes
719 2975 783 3028 licet
804 2975 986 3038 absconditus,
1005 2974 1057 3026 nisi
1078 2976 1107 3025 in
1127 2974 1256 3025 tenebris
1273 2979 1337 3030 esset.

248 3044 296 3097 aed
316 3045 377 3114 igne
399 3045 434 3096 ob
452 3063 520 3116 opus
539 3046 653 3116 aliquod
677 3045 847 3100 accendisset
869 3049 911 3100 rel
938 3048 1040 3098 lumine
1059 3045 1215 3097 illustraret
1234 3044 1337 3100 domasa,

247 3133 447 3168 novumrursus
461 3118 611 3185 periculum
626 3127 690 3180 erat,
714 3117 848 3188 siquidem
862 3119 987 3170 Saraceni
1008 3125 1036 3169 et
1057 3119 1078 3166 si
1099 3118 1149 3185 qui
1170 3117 1221 3167 alii
1242 3117 1336 3166 illornn

247 3189 348 3240 similes
371 3188 492 3240 homines
512 3190 620 3242 scelesti
638 3198 716 3242 erent
733 3191 824 3258 (erant
841 3198 932 3241 autem
951 3189 1027 3240 multi
1048 3185 1076 3238 id
1096 3191 1217 3256 genus),
1239 3189 1336 3237 circan-

242 3257 326 3312 ·ibant
353 3267 380 3311 et
407 3259 588 3329 quaerebant,
620 3261 686 3330 quid
709 3259 818 3312 aedium
847 3259 972 3312 dominus
999 3259 1102 3326 negotii
1125 3257 1261 3318 haberet,
1279 3271 1335 3326 quo·

248 3329 337 3382 minus
355 3347 449 3383 somno
471 3347 499 3383 ae
524 3333 610 3396 daret,
628 3331 699 3384 sores
719 3331 913 3398 effringebant,
935 3330 1131 3401 irrumpebant,
1154 3337 1185 3381 et
1205 3327 1335 3382 faciebant

249 3417 320 3470 quae
340 3401 405 3470 ipsis
424 3401 553 3471 placeret.
589 3413 672 3470 atque
690 3402 819 3454 affirmare
849 3404 930 3465 licet,
948 3419 1004 3454 non
1029 3401 1118 3452 solum
1146 3400 1216 3451 illos
1238 3407 1336 3470 propter

249 3473 339 3540 ignem
360 3473 464 3524 scilicet
484 3482 512 3524 et
531 3474 680 3534 candelam,
700 3473 748 3525 sed
768 3475 850 3526 etiam
868 3491 933 3536 eos,
951 3475 998 3544 qui
1020 3489 1072 3524 nec
1089 3473 1154 3539 igne
1175 3489 1230 3522 nec
1246 3469 1335 3530 lumine

249 3550 400 3606 uterentur,
418 3552 530 3596 veaatos
549 3562 616 3598 esse.
653 3545 723 3596 clam
744 3547 815 3598 enim
836 3546 960 3613 ingressi,
979 3553 1007 3596 et
1023 3551 1105 3595 nocte
1120 3553 1255 3612 tanquam
1272 3541 1336 3608 galea

249 3613 371 3666 Plutonis
391 3616 479 3684 operti
498 3623 526 3667 et
544 3617 651 3680 occulti,
670 3624 726 3668 tum
739 3632 836 3668 uxores
855 3635 871 3666 a
883 3613 1177 3674 maritisdivellebant,
1196 3615 1262 3682 iugo
1280 3628 1336 3662 coa·

248 3684 354 3738 asabisli
373 3687 402 3738 ia
419 3687 531 3738 alteram
568 3687 799 3740 artem'inclioato
818 3689 843 3739 vi
862 3688 982 3756 rapinae,
1000 3701 1053 3756 qua
1070 3685 1248 3750 auferebant,
1268 3697 1336 3754 qaan

249 3757 365 3827 quisque
384 3757 413 3808 in
431 3758 491 3809 luce
513 3707 577 3810 solis
596 3758 648 3810 sibi
668 3759 804 3826 elegisset,
824 3765 880 3810 tum
898 3759 1042 3825 virginesa
1060 3757 1228 3826 parentibus
1246 3755 1337 3808 abstra-

250 3827 361 3891 lsebaut,
383 3835 411 3879 et
429 3828 524 3880 horum
545 3830 618 3883 irrita
636 3829 780 3884 faciebant.
801 3838 831 3881 at
847 3829 907 3899 quis
925 3827 1034 3888 dixerit,
1053 3845 1103 3898 pro
1124 3827 1239 3880 illarum
1261 3827 1337 3878 salute

249 3909 374 3968 suscepta
395 3907 474 3950 vota.¹
503 3900 588 3952 sicubi
607 3901 678 3954 bona
697 3900 778 3952 simul
799 3899 962 3953 auferebant
981 3900 1058 3969 qnasi
1075 3917 1129 3968 pro
1148 3899 1229 3961 dote,
1246 3907 1299 3950 erat
1315 3893 1336 3946 id

250 3972 328 4040 quasi
358 3970 494 4041 quoddam
517 3975 662 4024 auctarium
695 3972 864 4024 calamitatis.
902 3971 1012 4022 fuerunt
1029 3970 1126 4032 etians,
1149 3973 1201 4041 qni
1224 3971 1253 4022 in
1273 3965 1338 4020 aesli-

250 4041 301 4094 bus
322 4059 376 4094 ausa
396 4050 461 4094 tunc
480 4042 684 4105 occiderentur,
702 4042 805 4096 cladem
827 4042 898 4113 passi
918 4060 932 4092 a
951 4043 1007 4094 sole
1027 4039 1102 4092 haud
1123 4043 1283 4094 lustratam
1301 4055 1340 4088 tu·

250 4113 293 4165 ius
329 4113 479 4166 atrocitatis
508 4131 587 4166 cassan
619 4124 678 4167 erat
710 4121 843 4167 nocturna
869 4112 973 4175 libido,
1009 4121 1058 4162 aut
1091 4113 1172 4184 quod
1206 4113 1340 4166 exclamas·

251 4192 312 4238 sent
329 4185 428 4238 miseri.
466 4187 512 4256 qui
533 4204 596 4240 vero
618 4185 774 4240 ebarbaria
792 4184 971 4240 modestiores
998 4190 1076 4238 erant
1096 4193 1127 4248 et
1146 4188 1249 4250 iocosi,
1265 4186 1285 4237 ii
1301 4199 1341 4254 ps·
1395 4219 1397 4260 l
