2858 4860
276 305 352 382 258
415 271 419 280 ’
602 310 746 416 ιροοοο
776 311 1038 378 onsunanu

233 467 379 551 σραῢτῆς
397 466 480 548 νίας,
501 457 581 532 ai'oss
600 467 719 530 θυσίαν
740 461 854 530 ἑαυτὸν
872 465 916 552 τρῖ
930 461 1062 552 τοιοάτρι
1081 463 1233 546 κτίσματι
1247 463 1307 528 κατ’
1318 464 1385 553 &aui

278 566 454 655 προσάγων.

361 665 604 746 Ἐατστράττυσε
624 667 662 734 δὲ,
683 659 779 728 πάλιν
801 662 820 728 o‘
841 661 993 746 βασιλευς
1015 661 1097 728 κατά
1114 664 1305 748 Μελιτινῆς,
1327 666 1383 732 καί

276 767 500 850 αἰχμαλωσίαν
521 762 639 849 πολλὴν
658 763 869 850 ποιησάμενος
888 763 943 828 καὶ
965 760 1283 845 πολλοάςττολέμους
1303 761 1380 830 sini·

274 883 421 948 οτρτψτν.
463 841 598 954 relevit?
620 865 656 929 δὲ
676 859 694 927 si
718 863 752 928 ἐν
773 862 875 945 ἁγίοις
892 859 1070 945 Ἰγνάτιοςά
1092 861 1304 947 πατριάρχης,
1325 867 1401 931 uait

244 963 245 966 ¹
275 967 340 1032 ἅττ’
362 964 464 1030 usitari
490 967 587 1031 πάλιν
617 963 807 1047 ἀναβιβάζει
829 962 954 1029 Φιάτιον
981 961 1191 1048 πατριάρχην.
1231 962 1317 1044 μετά
1343 965 1379 1028 tt

275 1070 376 1132 rasim
398 1067 433 1132 ἐν
452 1068 561 1154 ἕξορίρι
582 1065 826 1149 τολευτήσαττος
850 1067 979 1131 Φωτίου
1010 1065 1213 1148 πατριάρχου
1235 1066 1379 1148 darsiria

242 1164 311 1234 1)τό
335 1169 430 1249 σῶμα
452 1167 608 1231 adradis
627 1166 767 1254 τῇμονῇ
794 1169 832 1253 τῇ
855 1169 1005 1252 λεγομονη
1037 1168 1092 1246 τῆς
1111 1166 1261 1250 Ἐρημίας
1282 1165 1318 1230 iv
1335 1167 1379 1251 τηῖ

278 1265 537 1354 Μερδοσαγάρη,
560 1259 658 1351 οάσης
676 1265 832 1350 πρότερον
864 1268 1035 1350 καθολικῆς
1055 1265 1240 1351 ἐκκλησίας·
1283 1262 1378 1339 αάτός

279 1367 315 1430 δὲ
339 1362 461 1440 Φάτιος
490 1365 636 1451 ἐποίησιν
664 1362 769 1449 ου’τῆν
788 1364 888 1450 μονήν
918 1363 1112 1448 γυναικείαν.
1146 1361 1251 1454 ττάλιν
1271 1365 1309 1429 di
1330 1365 1410 1434 iss-ru

277 1461 446 1546 στρατεύει
467 1461 483 1529 ὃ
502 1460 655 1556 βασιλοάς
674 1461 755 1528 κατά
766 1465 889 1548 Συρίας
907 1466 954 1538 εἰς
965 1465 997 1529 Γ
995 1455 1208 1547 τρμανίκειαν,
1231 1466 1290 1527 καί
1301 1461 1379 1528 rusi·

277 1589 335 1647 την
359 1563 560 1648 ἐκπορθήσας
588 1561 645 1628 καί
664 1564 906 1646 αἰχμαλωτίσας
931 1563 1141 1647 άπέστρτψτν.
1190 1563 1322 1652 τελευτᾷ
1347 1562 1379 1625 δὲ

234 1669 520 1738 codomanus<
539 1659 610 1738 υἱός
631 1662 769 1746 Μιχαὴλ
787 1665 944 1745 βασιλέως
974 1665 1008 1741 ἐξ
1029 1662 1194 1744 titanae,
1219 1657 1259 1726 ὃν
1275 1658 1378 1727 ’πολλά

277 1762 435 1846 ἑθρὴνηστ
455 1759 637 1838 Βασίλειος.
694 1765 798 1849 Μοίρι
824 1763 860 1826 di
888 1760 996 1848 πρώτῃ
1016 1762 1235 1845 ἐνθρονίζτται
1256 1760 1314 1827 καί
1332 1763 1379 1844 iy-

278 1859 495 1946 κσινίζτταιῆ
520 1864 677 1946 ἐκκλησία,
698 1857 738 1946 ἢν
756 1859 879 1928 ἔκτισεν
898 1860 915 1926 si
936 1862 1088 1944 βασιλεύς
1108 1864 1164 1926 καί
1184 1863 1407 1928 innatamus

278 1965 385 2048 κοσμρῖ
405 1960 519 2049 πολλῷ,
542 1959 631 2043 νιαρά
646 1964 776 2027 Φωτίου
793 1961 1005 2046 πατριάρχου,
1027 1964 1086 2026 τοῦ
1100 1961 1260 2042 βασιλέως
1281 1965 1318 2026 ἐν
1336 1965 1377 2049 τά

175 2062 378 2143 Ρ.473αάτῆς
399 2063 556 2148 καινιομρλ
575 2064 679 2145 λάρον
710 2063 905 2148 φορέσαντος
933 2065 989 2125 καί
1007 2058 1161 2146 χρήματα
1181 2059 1286 2126 πολλά
1309 2061 1378 2125 dds.

231 2170 265 2224 67
280 2182 331 2235 τος
351 2160 407 2223 καί
424 2163 499 2225 νέαν
519 2159 623 2246 ου’τὴν
651 2158 915 2242 ἐπονομάσαντος.
969 2160 1131 2246 άνιεστάλη
1154 2162 1191 2225 δὲ
1213 2160 1304 2243 παρά
1326 2163 1377 2225 τοῦ

277 2262 435 2340 βασιλέως
456 2262 639 2343 Προκόιιιος
664 2253 952 2345 πρωτοβεστιάριος
971 2259 1054 2343 μετά
1076 2263 1138 2326 ταῖν
1160 2259 1302 2325 ternas
1324 2263 1377 2325 aa·

275 2357 398 2439 μάτων,
418 2350 506 2434 ὅντος
536 2357 721 2445 Ετίνιραξίου
748 2363 807 2426 τοῦ
828 2359 1046 2443 στρατηλάτου
1081 2363 1127 2435 τίς
1147 2361 1298 2424 Σικελίαν
1321 2361 1407 2424 ruiti

277 2461 469 2543 Μωσιλιλιη,
504 2459 549 2533 εἰς
572 2461 607 2524 δὲ
628 2459 664 2524 sd
687 2458 874 2545 Δουράχιον
894 2463 951 2524 τοῦ
966 2460 1185 2543 Ῥαβδοάχου,
1209 2457 1267 2524 καί
1286 2463 1376 2546 ἕκτῇ

277 2558 509 2650 Πελοποννῂσιρ
531 2563 590 2625 τοτίΙ
613 2557 760 2628 Οίνιάτου
779 2563 835 2625 καί
853 2565 910 2626 τοῦ
922 2558 1147 2646 Ἀσοστοάντη·
1174 2555 1265 2638 ὅστις
1288 2565 1376 2648 Προ·

279 2841 413 2894 excavatis
430 2858 518 2895 novae
533 2842 654 2897 eiusdem
668 2843 802 2896 ecclesiae
818 2843 1001 2898 fundamentis
1019 2845 1102 2898 locari
1120 2845 1211 2909 iussit,
1228 2847 1309 2918 quasi
1327 2845 1373 2898 deo

278 2931 308 2967 ss
326 2916 355 2964 in
373 2911 529 2966 huiusmodi
550 2931 631 2985 opere
651 2917 788 2968 victimam
807 2921 925 2970 offerret.

350 2985 464 3036 Rursum
481 2993 571 3038 autem
584 2987 711 3039 adversus
726 2985 878 3040 Melitine'sn
900 3001 971 3039 arma
992 2989 1075 3038 morit
1094 2986 1255 3056 imperator,
1276 3003 1310 3040 es
1326 3003 1374 3059 qna

277 3055 402 3126 plurimis
427 3056 456 3108 in
483 3058 667 3126 captivitatem
695 3058 784 3110 ductis
812 3068 839 3110 et
868 3059 1060 3112 certaminibus
1085 3057 1226 3128 plerisque
1245 3059 1374 3112 contenis

279 3141 401 3179 resersus
423 3135 473 3180 est.
517 3143 597 3197 porro
626 3139 734 3181 sanctus
752 3129 903 3200 patriarcha
929 3130 1048 3198 ignatius
1067 3130 1122 3179 vita
1149 3129 1262 3182 iunctus
1282 3139 1330 3193 est,
1348 3137 1374 3181 et

279 3197 309 3249 in
334 3199 392 3249 eius
414 3199 503 3250 locum
523 3197 635 3252 Photius
663 3203 761 3253 iterum
785 3205 919 3254 suffectus.
956 3201 1051 3252 Photio
1081 3200 1234 3268 patriarcha
1256 3210 1373 3271 postma-

279 3267 343 3320 dum
361 3269 389 3320 in
407 3270 491 3321 exilio
509 3279 623 3323 mortem
642 3271 771 3335 obeunte,
791 3289 887 3341 corpus
905 3272 962 3323 eius
982 3273 1011 3324 in
1027 3271 1195 3323 monasterio
1215 3271 1251 3323 ad
1270 3271 1372 3324 lilerdo-

279 3356 415 3409 sugerem,
438 3342 549 3393 nomine
570 3343 703 3406 lleresnia,
724 3361 794 3414 quae
822 3346 896 3411 prins
922 3343 1070 3394 communis
1089 3351 1117 3394 et
1134 3342 1248 3411 publica
1268 3343 1371 3396 exstite·

280 3421 323 3462 rat
341 3413 473 3475 ecclesio,
491 3412 642 3482 depositum
664 3423 724 3466 est:
748 3415 857 3467 Photins
874 3424 964 3466 autern
983 3413 1116 3464 muliebre
1142 3413 1304 3468 reddiderat
1318 3431 1370 3466 mo·

280 3484 439 3534 nasterium.
476 3501 567 3536 rursus
590 3487 736 3554 imperator
760 3485 861 3551 Syriam
883 3501 974 3536 versus
1001 3485 1028 3534 in
1049 3485 1248 3536 Germaniciani
1268 3484 1370 3556 expedi·

281 3555 384 3606 tionem
405 3555 524 3625 suscipit,
543 3571 630 3626 eaque
648 3563 748 3609 vastata
767 3565 796 3608 et
814 3557 926 3627 captivis
944 3554 1067 3608 abductis
1088 3555 1198 3608 domum
1218 3557 1368 3626 regreditur.

281 3625 477 3678 Constantinus
505 3627 646 3679 Michaelis
672 3629 842 3698 imperatoris
870 3643 903 3679 ex
926 3626 1047 3679 Eudosia
1073 3627 1146 3679 iilius
1176 3629 1313 3695 moritur3
1338 3624 1368 3676 uls

280 3699 359 3747 cuius
383 3705 497 3749 mortem
517 3699 632 3750 Basilius
650 3699 751 3752 luctum
774 3701 829 3768 egit
855 3699 1008 3770 plurimum.
1047 3697 1112 3750 Maii
1131 3713 1197 3750 vero
1215 3695 1367 3753 mensisdis

281 3769 369 3837 primo
398 3767 498 3820 throno
521 3769 664 3822 decoratur
692 3779 720 3824 et
748 3787 764 3822 a
797 3769 894 3823 Plautio
920 3767 1073 3842 patriarcha
1093 3767 1238 3823 dedicatur
1258 3769 1366 3834 sectum

281 3855 361 3908 quam
379 3848 515 3891 struxerat
528 3849 556 3892 et
572 3847 668 3892 ornatu
686 3841 759 3892 vario
777 3843 924 3912 imperator
942 3840 1097 3894 reddiderat
1117 3841 1263 3910 insignem.
1298 3840 1364 3893 asin

280 3908 442 3962 celebritate
465 3912 550 3962 lorum
572 3912 686 3978 gestavit
704 3913 772 3977 ille,
790 3915 964 3984 pecuniarum
992 3914 1131 3981 ingentem
1151 3914 1208 3966 vim
1229 3911 1364 3972 distribuis

281 3988 310 4031 et
322 3996 419 4031 noram
438 3983 595 4050 appellavit.
639 3991 757 4034 ceterum
779 3985 923 4056 Procopius
952 3985 1175 4055 protovestiarius
1193 4003 1254 4038 cnm
1272 3985 1363 4038 dens·
1428 3992 1429 4025 3

281 4050 355 4102 tibus
374 4051 596 4106 occidentalibus
622 4054 656 4105 ab
687 4055 850 4125 imperatore
877 4057 972 4109 missus
998 4064 1053 4116 est,
1083 4055 1218 4125 Eupraxia
1243 4053 1362 4109 Moailieis

280 4120 339 4172 filio
360 4138 409 4189 per
434 4123 555 4176 Siciliam
584 4125 712 4193 magistro
740 4127 855 4178 militiae
873 4129 1017 4188 instituto,
1036 4125 1187 4178 Rabdncho
1208 4123 1360 4196 opinantii

282 4191 398 4246 Oeniate
418 4203 447 4246 et
460 4196 599 4267 Apostupe
620 4196 782 4266 Peloponesi
800 4199 931 4267 magistris
951 4200 1057 4271 pariter.
1076 4199 1226 4270 Procopius
1244 4200 1293 4253 iste
1311 4198 1361 4268 post
