2828 4874
98 263 104 274 '
166 288 222 351 on
239 281 545 362 mmsuousca
564 287 592 358 a
610 285 769 356 marnis
788 287 933 356 curn.
1041 281 1114 362 5⁰7

18 431 115 502 πόλιν
133 435 266 521 ἀφέντες
285 438 438 522 ἐθέμεθα,
458 435 513 502 κατ’
533 437 591 522 τὴν
611 437 939 522 ΣικιλικὴνΣκύλλαι
959 438 1116 525 έπηγαγό-

18 538 119 612 μεθα.
161 531 230 600 εἴθε
249 538 310 616 μὲν
331 529 388 604 οὖν
401 533 556 618 Σκύλλαν,
579 537 700 622 σ’λέγαις
719 537 803 626 ἡμᾶς
823 545 978 626 κεφαλαῖς
997 535 1119 624 {quade

20 657 152 702 σονσαν.
194 627 269 717 ἄρτι
290 638 326 700 δὲ
347 634 516 722 Χάρυβδις
535 635 554 721 ἦ
578 640 905 712 &reservassemus
924 638 1022 724 ἡμᾶς,
1043 639 1117 708 dli-

20 736 117 820 θριον
138 727 432 818 οἶναρροιβέὴσασα.’

127 836 200 899 Κατ’
225 827 263 919 ἦν
290 837 350 916 μὲν
381 832 523 902 ἐνταῦθα’
544 861 602 919 μοι
628 837 722 913 τόπος
739 836 867 922 θρήνων
887 835 1042 922 κατάρξαι
1063 841 1120 906 κατ’

19 931 270 1013 ἅπαιμοέξασθαι
300 933 338 1002 τὰ
360 937 413 1022 ἐφ’
440 934 524 1022 ἡμᾶς
546 935 645 1006 κακά·
697 929 767 1002 οὔτε
789 938 823 1004 δὲ
844 942 968 1022 γέροντι
987 934 1027 1004 τοὶ
1048 959 1118 1002 τοι.

20 1035 106 1096 αὕτα
127 1041 409 1121 προσεοπορεῖεαι,
431 1040 486 1101 καί
508 1039 584 1102 oaldi
599 1039 679 1103 θεοῦ
699 1039 866 1114 ἐπίσκοπος
885 1033 1043 1112 τοιαύταις
1063 1035 1118 1101 ild..

17 1155 85 1216 γοις
105 1135 234 1216 πρέπων
257 1135 362 1218 ἐστίν,
393 1136 461 1200 a'll’
482 1131 505 1220 ἢ
523 1135 635 1217 μόναις
653 1135 873 1220 εὐχαριστιλιις
907 1139 961 1204 κατ’
980 1134 1057 1225 δόξῃ
1076 1139 1119 1224 τῇ

18 1235 64 1307 εἰς
82 1230 138 1295 τὸν
160 1225 307 1319 ὕψιστον,
327 1235 359 1313 ἐξ
382 1226 420 1302 οὗ
440 1237 496 1302 καί
512 1238 552 1301 δι’
575 1228 615 1302 οὗ
629 1235 667 1302 τα
690 1233 838 1322 ἡμέτερα.
879 1238 966 1304 τίδὲ
988 1213 1028 1322 dr)
1050 1261 1117 1302 κα-

18 1328 89 1396 λέει
111 1332 145 1396 ἓν
166 1334 241 1416 γοῦν
260 1337 353 1404 τοῦτο
374 1338 470 1416 μόνον
489 1336 619 1402 εἰπόντα
641 1361 682 1418 με
702 1335 935 1418 πεπαύσεσθαι,
955 1334 999 1413 ὥς
1019 1335 1118 1415 εἴτις

17 1433 90 1515 έριῖ
103 1427 149 1515 μα’
174 1427 213 1496 ὃν
232 1435 361 1504 ἰδέσθαι
375 1460 426 1504 aaa
449 1437 503 1502 τὸν
518 1433 608 1520 ἥλιον
623 1431 737 1506 ἔλλαθι
754 1440 856 1519 μείζω
871 1435 982 1526 πάθη,
1003 1438 1062 1502 osia
1075 1430 1116 1504 dr

17 1519 79 1612 ἔξω
100 1532 197 1616 λόγου
224 1533 472 1622 ἀπισχυρίσατο
483 1564 495 1622 3
516 1537 572 1606 sul
596 1537 684 1625 εἴπερ
704 1537 833 1624 εὕρήσοι
853 1541 909 1604 τὸν
928 1536 1117 1606 assanensi-

17 1657 122 1720 ιιενον,
143 1633 212 1700 ἀλλ’
236 1637 380 1701 ἐνταῦθα
399 1638 456 1702 oris
478 1641 649 1721 αἰδέσομαι
669 1641 715 1714 εἰς
736 1636 851 1704 λαλιὰν
872 1633 944 1706 οὔτε
965 1636 1002 1704 sd
1027 1635 1116 1722 βαθέ

17 1738 117 1822 γῆρας
140 1728 210 1800 οὔτε
242 1736 300 1820 τὴν
319 1737 512 1826 έπισκοπήν,
534 1740 603 1803 ἀλλ’
623 1737 823 1824 ένστήοομαι,
844 1743 898 1804 καὶ
919 1739 1119 1821 ἑπαγοινισὰ-

17 1858 111 1913 seruc
150 1835 209 1900 aris
240 1830 279 1902 ἂν
313 1834 423 1926 πόρρω
450 1842 571 1904 σκοποῦ
598 1836 634 1904 το“
669 1841 726 1926 τῆς
754 1834 918 1925 ῥητορείας
951 1841 1044 1921 βέλος
1064 1834 1119 1925 ρι’.

17 1953 134 2022 Ψαιμι.

105 2035 232 2102 Τοιόνθ’
251 2037 355 2123 α’πέβνγ
375 2039 447 2104 τόδε
467 2040 610 2124 πρᾶγμα,
632 2035 710 2105 εἴτι
728 2035 793 2122 χρὴ
815 2038 1017 2126 τραγῳδικῶς
1037 2053 1174 2112 σαπροῦ

17 2140 142 2206 τελέσαι
162 2134 214 2204 τὸν
234 2136 343 2222 λόγον,
370 2135 450 2206 ἔνθα
470 2138 505 2206 τὸ
528 2138 632 2214 πάθος
660 2137 841 2226 τραγῳδίας
861 2131 951 2216 οἵξιον
967 2134 1023 2202 κατ’
1041 2129 1115 2202 edre

17 2237 96 2328 λόγιρ
132 2242 208 2303 καθ’
238 2233 314 2303 iilos
333 2233 454 2305 οἷόντε
482 2240 684 2324 παραστῆναι
710 2230 785 2303 οὔτε
806 2234 886 2303 κατα
905 2235 997 2319 ἔργον
1019 2239 1116 2322 φέρε-

17 2343 106 2404 σθαι.
151 2336 201 2422 εἴη
220 2340 256 2402 δὲ
275 2341 373 2423 μέχρι
394 2341 487 2406 τοῦδε
507 2341 656 2426 λωφῆσαι
678 2336 715 2404 sd
737 2334 877 2421 sau-nri
898 2333 953 2402 καὶ
970 2334 1114 2400 ἀκούσω·

17 2460 73 2518 μεν
93 2440 150 2504 κατ’
171 2440 265 2504 adrui
288 2437 331 2514 ὥς
353 2439 458 2504 οὐκέτι
491 2437 509 2502 ὅ
528 2442 587 2505 τοῦ
607 2439 688 2503 θεοῦ
709 2441 781 2504 καθ’
804 2437 894 2520 ἡμῶν
913 2433 1017 2518 θνμὸς
1035 2431 1112 2500 οἷπε-

17 2537 165 2626 στρᾰφρ,
185 2539 254 2605 αλλ’
275 2535 322 2605 ἔτι
342 2535 362 2625 ἦ
380 2539 453 2626 χεὶρ
471 2542 573 2606 udrosi
589 2537 698 2626 ὑψηλὴ
719 2539 775 2632 κατ’
789 2538 842 2605 oia
855 2561 889 2606 τε
909 2540 1110 2620 κατενεχθεῖ-

82 2723 111 2778 2.
130 2727 183 2778 tire
203 2725 227 2778 Τ

17 2863 101 2910 rtrum
122 2855 252 2926 ipsorum,
272 2860 318 2930 qni
331 2859 429 2926 frigore
439 2865 611 2929 peccatorum
625 2856 781 2928 gravissimo
799 2853 920 2927 oppressi
940 2853 1034 2906 urbem
1053 2858 1108 2904 tam

17 2927 138 2980 >simiam
156 2925 324 2982 deseruimus
343 2928 547 3000 desolatamque
569 2927 746 2998 reliquimus,
763 2927 856 2981 Slcula
873 2927 963 2992 Scylla
982 2923 1108 2976 introdu-

17 3007 61 3052 aar
80 3001 137 3049 imo
155 3015 220 3049 vero
238 3003 336 3054 luisset
354 3000 401 3050 illa
416 3000 519 3051 utinam
537 2999 641 3066 Scylla,
660 2999 753 3069 paucis
770 3015 821 3050 uos
839 2997 972 3068 capitibus
991 2995 1106 3047 mulcta·

17 3087 86 3135 στας
106 3066 154 3120 red
171 3069 231 3138 ipsa
250 3089 301 3126 uos
318 3069 467 3137 Charybdis
480 3070 621 3141 corripuit,
639 3071 667 3121 lu
687 3069 834 3140 perniciem
855 3075 964 3120 cunctos
982 3083 1106 3138 pessum·

17 3143 116 3194 latura.

80 3213 116 3263 Ar
138 3228 171 3264 ue
203 3220 245 3265 est
263 3211 374 3282 quidem
401 3211 447 3264 bic
466 3215 542 3264 locus
560 3211 727 3264 lamentandi
747 3219 775 3264 et
792 3210 915 3262 miserias
934 3216 1039 3262 nostrae
1060 3207 1109 3260 de·

17 3228 157 3336 durandi:
177 3284 225 3336 sed
251 3301 302 3336 nec
320 3285 378 3335 seui
395 3285 457 3335 telis
479 3284 603 3336 molestia
623 3283 787 3354 imponenda
806 3289 864 3343 est,
881 3299 931 3333 nec
950 3280 1108 3350 episcopum

17 3357 79 3408 ales
101 3353 199 3406 decent
216 3354 435 3417 declamationes,
455 3356 503 3408 sed
522 3355 597 3407 solae
612 3357 756 3422 gratiarum
768 3355 887 3405 actiones
899 3352 1048 3422 laudesque
1062 3350 1107 3402 slel

17 3427 224 3494 omipotentis,
247 3444 280 3478 es
299 3443 353 3498 quo
377 3435 404 3478 et
423 3443 571 3496 perquem
589 3435 652 3478 sunt
680 3427 771 3478 omnia
792 3431 894 3476 nostra.
930 3422 998 3494 quid
1017 3430 1107 3474 tamen

17 3496 135 3567 inpedit,
157 3499 302 3566 quominus
322 3497 375 3551 hoc
394 3515 478 3548 uuum
496 3505 569 3548 certe
587 3513 800 3558 commemorem,
821 3494 892 3546 haud
910 3509 1052 3566 perperam
1072 3494 1107 3543 it.

17 3585 66 3620 um
84 3567 267 3620 iudicaturum
287 3586 355 3635 esse,
373 3570 421 3640 qui
440 3569 524 3620 solem
538 3569 642 3619 nullam
661 3584 780 3638 unquam
795 3566 952 3636 adspexisse
971 3563 1107 3616 miseriam

17 3640 160 3706 :rariorem
179 3639 286 3692 disserit.
308 3643 350 3694 cui
371 3639 481 3714 quidem
502 3640 624 3708 opinioni
645 3641 668 3691 si
688 3641 750 3711 quis
770 3638 884 3708 obloqui
902 3636 1030 3700 voluerit,
1047 3643 1105 3688 tum

17 3727 74 3764 'ero
98 3726 113 3761 a
134 3709 310 3763 declamando
331 3729 423 3782 neque
444 3718 584 3764 senectute
612 3727 703 3782 neque
724 3711 881 3780 episcopatu
900 3705 1040 3779 prohiberi
1062 3723 1105 3758 me

17 3783 106 3842 satier,
123 3780 171 3833 red
196 3781 293 3834 acriter
309 3783 475 3855 repugnabo,
495 3799 545 3834 nec
562 3797 578 3832 a
598 3799 681 3853 scopo
700 3798 743 3833 me
761 3780 947 3832 aberraturum
967 3793 1025 3832 erse
1045 3779 1105 3831 telo

17 3854 139 3906 *rationis
160 3851 276 3904 conlido.

76 3941 173 3992 Talem
193 3957 235 3992 res
248 3939 295 3990 illa
311 3940 413 3992 exitum
431 3939 536 4002 habult,
556 3939 579 3991 si
598 3937 708 4009 quidem
728 3937 863 3989 sententia
882 3936 981 4005 tragica
999 3935 1104 3988 oratio-

17 4029 68 4066 rem
88 4012 216 4065 concludi
235 4017 360 4082 oportet,
380 4013 510 4082 quonlam
530 4011 667 4064 calamitas
686 4007 825 4078 tragoedia
844 4007 924 4078 digna
944 4013 993 4068 est,
1013 4021 1105 4074 neque

17 4092 54 4136 nrt
71 4083 162 4136 verbis
188 4099 296 4154 prorsus
314 4081 429 4152 attingi,
457 4089 504 4134 aut
522 4100 551 4136 re
571 4082 631 4150 ipsa
659 4080 723 4132 t‘erri
753 4087 853 4148 potest.
890 4079 993 4130 utinam
1013 4086 1105 4129 sutem

17 4155 96 4209 imnis
113 4153 160 4206 hic
190 4154 299 4206 miseria
328 4155 480 4221 cessaverit,
499 4171 534 4206 ue
553 4151 693 4208 audiamus
711 4149 834 4222 posthac,
853 4148 973 4201 nondum
989 4150 1103 4202 vertisse
1210 4153 1212 4156 '
