2820 4866
264 267 339 346 314
586 275 743 348 cnonas·
765 273 1027 340 Gutturaucr

262 429 302 496 τά
325 431 455 494 τοιαῦτα
491 432 680 504 σκοποῦντες
712 429 752 492 οδ
773 425 871 493 καλὸν
893 423 1022 510 ἔκριναν
1041 422 1172 491 οίωνάν·
1215 423 1343 508 donadi-

262 551 339 604 τους
357 529 419 613 γάρ
448 529 504 593 ε’πί
522 529 579 614 τήν
606 531 734 614 εἰρήνην
764 527 1022 610 διαλυθήσεσθαι
1053 522 1188 610 ἔφησαν.
1231 525 1345 608 Συμιάν

264 631 300 693 δὲ
322 628 357 692 τὸ
380 625 498 694 ἑαυτοῦ
519 626 730 714 στρατόπεδον
750 622 940 708 καταλαβών
958 633 1025 700 τοῖς
1038 621 1157 690 ἑαυτοῦ
1177 629 1346 710 μεγιστᾶσιν

262 726 318 812 τήν
337 731 395 794 τοῦ
412 732 568 812 βασιλέως
590 723 775 813 ἀπήγγειλεν
796 727 927 792 σάκεσιν
939 723 996 790 καί
1013 730 1215 792 ταπείνωσιν.

347 832 531 918 Δεκεμβρίῳ
560 833 597 894 δὲ
617 832 713 914 μηνί,
747 823 850 892 εἰκάδι
883 828 1024 914 πέμπτῃ,
1043 823 1178 908 ἔστεψεν
1195 825 1364 907 ‘Pontici

157 931 162 942 ²
265 925 342 1004 τοάς
362 927 454 1005 υίοίις
477 934 581 994 norat
600 931 635 996 ὲν
656 932 694 1015 τῇ
715 930 773 995 τοῦ
803 931 883 992 θεοῦ
905 923 1026 1014 μεγάλη
1047 930 1212 1017 ίκκλησίρ,
1238 931 1349 1012 Στέφα-

169 1046 195 1099 Ρ.
206 1043 257 1098 502
267 1026 321 1094 νάν
342 1051 377 1095 τε
404 1027 460 1094 καί
481 1033 738 1096 Κωνσταντῑνον.
788 1024 870 1093 «itti
891 1027 948 1092 καί
973 1025 1198 1115 Θεοφάλακτον
1220 1026 1276 1092 τὸν
1294 1023 1351 1090 aiis

267 1131 369 1196 ιιάιοῦ
396 1125 414 1193 δ
448 1131 650 1215 πατριάρχης
676 1131 844 1213 οίπέκειρεν
861 1123 1028 1212 κληρικάν,
1046 1124 1274 1212 χειροτονήσας
1291 1122 1352 1190 ina-

267 1228 419 1316 διάκονον,
440 1227 608 1314 οάγκελλάν
617 1253 653 1294 τε
668 1229 952 1313 προχειρισάμενος
967 1228 1133 1292 διελθόντα
1157 1223 1310 1313 πρότερον
1327 1225 1352 1288 is

266 1333 312 1417 τῷ
330 1333 393 1396 τοῖν
405 1328 624 1394 άτιοδιακάνων
645 1331 785 1412 τάγματι
799 1329 845 1403 είς
865 1327 906 1392 τά
921 1321 1009 1408 άγια.
1029 1326 1203 1417 Ἀπριλλίρι
1225 1327 1262 1391 δὲ
1284 1325 1377 1409 omitt

209 1449 260 1502 114
271 1431 397 1517 εἰκοστῇ
421 1427 541 1516 ἒννάτη,
562 1431 710 1514 ἐτίμησεν
724 1427 892 1509 Ῥωμανὸς
917 1424 1065 1511 Ἰωάννην
1083 1423 1240 1506 μυστικὸν
1259 1425 1355 1508 πατρί-

269 1553 336 1594 κιον
358 1528 564 1610 άνθάπατον.Ι
591 1532 691 1616 Μαΐῳ
716 1529 751 1592 δὲ
771 1532 857 1613 μηνί,
880 1524 995 1614 δεκάτη
1015 1529 1153 1613 πέμπτη,
1176 1527 1356 1599 ι’νδικτιάνος

210 1633 385 1714 ιι5τρίτης,
410 1632 541 1716 τελευτᾷ
559 1627 614 1694 τὸν
635 1632 707 1710 βίον
729 1626 746 1691 o‘
767 1626 965 1713 πατριάρχης
979 1625 1138 1702 Νικόλαος
1156 1625 1315 1710 κρατήσας
1332 1624 1357 1687 ίι

267 1730 306 1816 τῇ
327 1732 462 1816 δευτέρᾳ
494 1729 598 1794 αὐτοῦ
623 1725 781 1809 α’ναβάσει
800 1726 854 1812 ἔτη
876 1729 1046 1810 δεκατρία·
1098 1727 1155 1792 καί
1173 1725 1312 1808 άπετὲθη
1329 1717 1355 1786 ω’

269 1830 364 1911 σῶμα
386 1829 489 1895 αὐτοῦ
511 1830 545 1892 ἐν
566 1831 606 1916 τῇ
636 1827 692 1892 ὑπ’
716 1822 819 1895 adrani
837 1827 1001 1914 κτισθείσῃ
1020 1827 1102 1912 μονή
1122 1827 1187 1890 τῶν
1208 1827 1241 1890 Γ
1238 1825 1379 1908 α’λακρί-ιο

239 1939 341 1992 Βνων.
389 1929 569 2017 Αδγοιίστιρ
604 1931 639 1993 δὲ
666 1932 745 2014 μηνί
759 1913 971 2013 ’πατριάρχης
996 1930 1193 1992 καθίσταται
1212 1924 1354 2010 Στέφανος

268 2030 426 2110 Ἀμασίας
447 2031 694 2114 μητροπολίτης,
724 2028 877 2110 εδνοῦχος
907 2023 1073 2112 ὑπάρχων.
1125 2024 1302 2112 Ὀκτωβρίηι
1329 2023 1354 2086 li

268 2127 347 2212 μηνί
373 2129 576 2214 κατηγορήθη
604 2126 796 2208 δμυστικός
823 2128 967 2213 Ἰωάννης
996 2129 1053 2191 καί
1082 2124 1355 2210 παραδυναστεάιιν

237 2257 241 2264 ·
269 2226 314 2305 ὥς
333 2229 387 2312 τῆς
415 2232 581 2309 βασιλείας
602 2231 775 2315 ,ἐφιέμενος
796 2227 943 2315 άποθήκη
974 2231 1033 2293 τοῦ
1052 2228 1222 2311 πατρικίου
1241 2225 1295 2288 καί
1315 2225 1355 2287 λι-

269 2330 406 2409 γοθέτου
424 2333 481 2393 τοῦ
503 2327 624 2411 δρόμου
646 2331 776 2414 Κοσμά,
799 2328 943 2403 διδόντος
965 2331 1011 2402 είς
1032 2333 1169 2412 γυναῖκα
1191 2324 1251 2411 τήν
1270 2327 1379 2406 coya-tt

269 2432 349 2510 τέρα
371 2429 470 2515 otiati.
511 2427 627 2492 τούτου
650 2429 753 2494 ἕνεκεν
774 2429 1022 2511 καταβιβάζεται
1044 2429 1103 2510 μὲν
1125 2430 1182 2492 τοῦ
1202 2426 1351 2498 παλαιίου,

271 2527 460 2609 ἐγχωρτῖτοι
487 2529 523 2591 δὲ
554 2531 795 2612 προσέρχεσθαι
825 2531 881 2594 καί
909 2529 952 2616 τῷ
980 2532 1110 2612 βασιλεῖ
1131 2527 1297 2611 ὑπηρετεῖν
1312 2521 1353 2587 καὶ

272 2817 302 2867 in
330 2815 473 2868 Thraciam
498 2817 601 2867 alarum
627 2834 710 2887 opere
734 2815 861 2870 delatam.
910 2819 957 2889 qui
987 2817 1054 2870 lraec
1074 2818 1206 2870 curiosius
1232 2813 1350 2882 indagant

274 2903 354 2938 omen
372 2886 524 2938 iudicavere.
543 2905 598 2939 non
610 2887 745 2940 farratum:
767 2887 903 2940 discordes
918 2890 1020 2961 quippe
1038 2897 1066 2940 et
1078 2906 1144 2958 pace
1163 2889 1262 2939 iniecta
1280 2899 1351 2936 recet-

274 2975 351 3010 auros
369 2957 539 3010 divinabant.
577 2960 695 3016 Sirnoou,
716 2961 832 3011 collecto
854 2962 983 3020 exercitu,
1011 2977 1099 3013 coram
1123 2958 1296 3030 optimatibus
1311 2955 1351 3005 in·

273 3031 407 3099 paratoria
428 3031 563 3081 solertiam
582 3040 609 3081 et
627 3031 842 3082 moderationem
863 3033 999 3100 exposuit

346 3100 503 3151 Debeurbris
524 3109 613 3152 autern
632 3102 731 3152 artensis
750 3101 795 3152 dic
817 3103 942 3154 vicesimo
965 3101 1061 3172 quinto
1081 3101 1152 3152 filios
1173 3115 1236 3152 auos
1254 3093 1351 3166 Stepba·
1401 3137 1402 3140 ,

273 3189 337 3224 num
357 3180 384 3223 ct
403 3173 613 3224 Constantianus
633 3174 767 3223 llonrauus
792 3175 898 3242 imperii
917 3190 1014 3224 corona
1044 3172 1144 3223 cinxit:
1165 3174 1213 3222 sed
1233 3179 1261 3221 et
1276 3169 1351 3222 'lbet-

272 3241 428 3313 plrylactum
449 3244 535 3293 liliuur
563 3243 689 3294 clericum
710 3243 831 3295 totondit
857 3243 1017 3313 patriarcba,
1036 3253 1064 3295 et
1081 3241 1274 3294 subdiaconum
1295 3235 1351 3289 ordi-

272 3313 541 3383 autumnalemque
563 3315 711 3381 syncellum
731 3316 874 3384 promovit,
896 3333 956 3366 curu
979 3315 1053 3386 prius
1072 3314 1107 3364 ad
1124 3324 1248 3365 sanctum
1265 3313 1350 3376 ingres-

272 3403 332 3436 sum
352 3401 412 3435 carm
430 3384 604 3437 subdiaconis
630 3385 752 3436 adlectus
778 3387 963 3456 processisset·
1007 3387 1106 3454 Aprilis
1125 3403 1189 3436 vero
1208 3385 1302 3434 mensis
1317 3377 1351 3428 dis

272 3456 401 3508 uicesimo
420 3473 494 3508 nono
522 3459 651 3508 loannem
679 3458 819 3523 mysticum
847 3458 993 3578 patricium
1019 3461 1154 3508 itomanam
1184 3452 1352 3526 proconsulem

274 3525 433 3596 designauit.
475 3529 575 3578 mensis
603 3543 667 3579 vcro
689 3529 753 3579 lllaii
778 3528 822 3580 die
867 3529 953 3580 coiano
981 3529 1094 3599 quinto,
1114 3526 1263 3578 indictione
1282 3522 1352 3576 tertia

272 3607 388 3650 mortem
401 3598 472 3650 obiit
482 3599 610 3650 Nicolaos
620 3598 783 3667 patriarcba,
801 3609 864 3670 post
875 3599 1020 3652 secundam
1033 3599 1263 3650 renuntiationem
1273 3593 1353 3647 throno

273 3670 378 3740 potitus
396 3685 482 3721 annos
502 3670 647 3732 tredecim,
667 3671 780 3741 eliasque
806 3663 903 3740 corpirs
930 3671 959 3722 in
979 3671 1190 3722 Galacreuarum
1210 3662 1354 3720 uronastcrio

274 3741 308 3791 ab
327 3757 360 3792 eo
380 3740 490 3792 condito
513 3739 665 3809 depositum
685 3750 733 3793 est.
754 3744 875 3809 Augusto
898 3741 996 3794 deinde
1016 3758 1108 3792 mense
1127 3739 1355 3810 Stephanuslma-

275 3829 337 3863 aeae
355 3813 530 3882 metropolita
551 3811 690 3863 eirnuclrus
710 3813 834 3865 initiatus
854 3821 895 3864 est
912 3813 1073 3882 patriarcba.
1112 3821 1175 3880 post
1194 3810 1261 3861 haec
1279 3819 1354 3860 mente

274 3883 389 3934 Octobri
402 3885 517 3934 loannes
535 3885 660 3950 mysticus
680 3893 707 3936 et
722 3894 784 3952 post
797 3887 986 3953 imperatorem
1005 3883 1217 3944 administrator,
1232 3881 1304 3932 volnt
1317 3877 1358 3927 iu·

276 3954 346 4023 perii
367 3956 498 4016 affectati,
522 3964 648 4023 suggestu
675 3957 782 4024 patricii
797 3968 825 4008 et
846 3956 1001 4022 logothetae
1020 3955 1123 4025 publici
1141 3969 1235 4004 cursus
1254 3953 1357 4004 Comae,

277 4025 323 4094 qni
344 4025 426 4077 filiam
446 4042 556 4076 uxorem
586 4027 611 4076 ci
639 4027 792 4089 locaverat,
820 4035 958 4078 aceruatos
976 4034 1025 4077 est.
1068 4025 1149 4076 huius
1167 4025 1254 4090 gratia
1271 4019 1357 4092 palatio
1381 4033 1384 4044 ·

276 4094 387 4166 quidem
408 4095 567 4158 currulium,
587 4097 621 4148 ad
640 4115 700 4148 erran
722 4107 810 4150 taraen
831 4099 900 4149 liber
925 4099 967 4148 illi
986 4105 1108 4149 servatur
1124 4111 1258 4156 accessus,
1275 4101 1301 4144 et
1317 4089 1357 4140 ob-

277 4166 410 4240 aequendi
428 4169 597 4240 imperatoris
616 4168 697 4223 iussis
714 4177 820 4223 etcum
837 4187 870 4222 eo
900 4186 970 4241 quae
992 4183 1060 4240 opus
1082 4169 1154 4222 ioret
1168 4158 1359 4219 ministranti
