2828 4874
233 299 289 362 DE
316 295 668 363 rrrnsstttomctt
696 298 856 366 LATlNiS
877 299 1021 367 ΟΑΙΥΓΑ.
1093 289 1168 366 499

73 432 131 519 τήν
153 437 360 519 κληρονομίαν
380 439 467 518 σου,”
490 435 642 517 &perteret
666 433 701 496 δὲ
722 431 755 498 τὸ
777 436 930 514 “ε’μίαναν
951 434 1094 500 τὸνναδν
1113 433 1170 500 τὸν

74 515 168 602 ἅγιόν
188 541 266 601 σου,
302 514 410 581 ἔθεντο
439 514 478 581 τοὶ
507 521 685 601 θνησιμαῖα
715 519 780 581 τοῖν
810 520 932 584 δούλιον
959 523 1035 584 σοσ”
1060 524 1115 582 καί
1133 519 1171 584 τίν

74 615 157 702 ἑξῆς,
178 617 276 698 μόνον
298 619 338 680 ου’
355 619 619 704 χρησμῳδοῦντος
638 617 695 679 τοῦ
716 615 878 702 προφήτου
901 619 957 684 καί
976 618 1170 701 θεοοοὶτορος

74 719 118 782 δι’
141 717 337 804 ὖνιοφητείας
354 721 417 782 τοῖν
439 717 660 801 ἠθροισμένων
680 718 725 790 εἰς
743 719 863 800 δέησιν,
883 723 938 784 κατ’
958 721 1098 801 λέγοντος
1120 720 1173 783 “rr'

46 812 114 886 ode
136 813 184 882 ἔτι
215 820 365 898 δεοίμεθα
397 818 573 898 πρεσβειῶν
604 817 649 891 εἰς
680 813 775 896 θεόν,
797 814 875 882 ἔνθα
904 822 1010 907 ἐκείνῳ
1032 817 1070 882 τὰ
1094 822 1169 884 καθ’

71 915 164 1002 ἤμοῖν
185 917 446 1000 denotemur?
730 921 732 926 '

155 1009 252 1098 Εἶχον
272 1011 355 1080 oiiror
379 1017 493 1097 rorico,
516 1011 787 1103 πλείοσινὲτέροις
809 1016 1070 1100 παρασιτιζὸμενα
1089 1041 1168 1100 συγ.

70 1115 248 1200 κροτὴμασι
277 1118 332 1200 τῆς
362 1105 549 1180 τοῦνακοθ
570 1112 744 1199 δηλώσεως.
798 1117 854 1181 καί
871 1117 976 1182 τοίνυν
996 1119 1039 1205 τῷ
1060 1121 1171 1205 συχνῷ

69 1212 192 1281 τούτων
219 1209 356 1291 ἅπαντας
374 1214 633 1299 οἷνεφρονοῦμεν,
663 1208 783 1299 ὄψιμον
815 1215 999 1300 συνάγοντες
1019 1220 1094 1281 νοῦν
1115 1219 1171 1282 κατ’

27 1313 106 1383 roro·
130 1315 238 1403 πρῴην
269 1315 392 1400 θράσος
421 1312 668 1396 ἀνομοιούμενον
701 1315 755 1400 (ου’
776 1317 837 1400 γάρ
862 1313 900 1380 ἂν
923 1320 1023 1382 ἐκεῖνο
1045 1315 1169 1399 θάρσος

66 1413 191 1495 εἴποιμι
223 1414 359 1498 &didyme
379 1413 542 1501 εἴχομεν),
571 1415 628 1479 καί
657 1417 807 1496 ε’νοοῦμεν
840 1439 857 1478 ο
1012 1423 1054 1480 τῖν
1084 1411 1167 1479 εἶναι

67 1513 183 1601 petrei.
228 1507 341 1579 οὔκουν
361 1511 508 1600 ἔφθησαν
528 1519 718 1598 καταντῆσαι
740 1518 785 1590 εἰς
805 1520 902 1600 πέρας
919 1515 952 1580 αἱ
974 1519 1036 1580 τῶν
1057 1517 1167 1598 ἐκκλη-

65 1615 147 1680 σιοὸν
176 1612 338 1699 δεητὴριοι
366 1615 544 1704 οἱρμονίαιὴ
565 1619 621 1678 καί
642 1614 669 1677 ·ri
692 1617 845 1700 πόλεμος,
867 1613 911 1679 ἔτι
942 1620 1007 1679 τῶν
1028 1617 1166 1696 ψαλμῶν

64 1713 259 1795 εἰλουμένων
279 1715 313 1778 έν
333 1723 400 1790 τοῖς
422 1718 485 1778 τοῖν
505 1716 662 1795 δεομένων
684 1713 842 1796 στόμασι,
862 1717 1000 1798 θρήνους
1021 1715 1165 1798 παρέβα-

26 1829 53 1885 1⁵
63 1835 110 1898 σε,
132 1815 188 1876 καί
207 1813 253 1887 είς
271 1811 365 1897 γόους
390 1811 535 1896 οἰκτρούς
557 1814 613 1878 καί
630 1813 834 1896 ἀλαλαγμοὺς
855 1817 961 1880 Αἴδου
984 1815 1165 1896 α’ντιιτεριέ.

60 1917 173 1998 arpos,
194 1916 251 1977 erui
278 1916 324 1988 είς
346 1912 454 1998 φυγὴν
475 1911 594 1988 αὐτους
627 1915 859 1997 ἀθροισθέντας
883 1911 1006 2000 ἔτιτυρε,
1026 1913 1164 1978 καίτοι.

60 2016 151 2078 αὕτα
184 2014 307 2079 διέθετο
337 2009 439 2096 ολνττερ
472 2012 528 2078 σ”ίοο
560 2015 783 2098 μεμνήσεσθαι
809 2011 884 2089 τούς
911 2017 1032 2092 ζῶντας
1054 2011 1087 2077 ἔν
1102 2037 1161 2096 περ

61 2114 209 2198 ὀνείροις,
230 2110 318 2195 εἴπερ
342 2115 381 2176 ori
401 2112 443 2176 eri
463 2109 542 2198 ἡδέα
556 2108 654 2195 μόνον
669 2119 878 2198 ντροντίνττουσι
898 2117 951 2197 τῆς
973 2117 1045 2177 καθ’
1067 2109 1163 2176 deror

60 2217 252 2299 φαντασίας,
274 2215 343 2278 αλλ’
365 2214 460 2278 oridia
479 2206 575 2298 ἧττον
596 2211 652 2278 καί
678 2213 718 2278 τοὶ
740 2213 843 2298 φόβον
864 2210 1078 2292 ἑνδειξυὶμενα.

14 2325 55 2382 λθ
149 2314 220 2378 Κατ’
238 2307 339 2389 οὕτως
369 2314 402 2392 ἐξ
421 2314 506 2388 ίδίας
529 2311 669 2399 ἔχθρας,
697 2316 753 2396 τῆς
772 2336 807 2377 τε
839 2312 919 2378 κατὰ
950 2311 1162 2394 τὸνβασιλέα

65 2413 262 2500 Ἀνδρόνικον
283 2417 339 2480 καλ
359 2417 416 2498 τῆς
434 2416 515 2480 κατὰ
537 2412 593 2478 τὸν
609 2416 709 2478 δοῦκα
730 2413 847 2498 daviti,
868 2411 971 2477 κοινὸν
987 2409 1080 2476 κακὸν
1101 2436 1160 2475 κα-

61 2512 219 2600 τέσκηψεν
248 2511 410 2581 α’νοίνταλιν
434 2517 478 2605 τῷ
506 2517 802 2601 γνωματευσαμὲνιρ
836 2517 936 2580 σολλᾶ
966 2515 1030 2578 τῶν
1049 2516 1161 2580 κοιναῖν

55 2758 166 2812 orditur
182 2757 283 2820 “deue,
302 2767 436 2812 venerunt
452 2769 545 2828 gentes
571 2760 598 2810 in
620 2757 800 2810 hereditatem
820 2759 920 2820 trr‚,rrr,''
951 2757 1050 2809 deiude
1069 2760 1159 2826 pergit

54 2829 290 2899 “inquinaverunt
316 2847 418 2882 eaerum
458 2831 588 2900 templum
623 2837 714 2890 tuum,
742 2837 856 2896 stragem
876 2830 1000 2879 fecerunt
1019 2846 1157 2880 servorum

54 2901 184 2955 tuorum’'
205 2909 233 2952 et
253 2917 322 2970 quae
342 2909 502 2972 sequuntur,
520 2899 652 2970 propheta
673 2908 700 2949 rt
717 2907 792 2967 patre
806 2898 850 2949 dei
869 2915 914 2948 ore
933 2916 1035 2962 eorum,
1055 2901 1102 2969 qrri
1123 2899 1158 2951 ud

53 2988 153 3045 preces
173 2971 310 3023 faciendae
328 2973 483 3040 congregati
504 2980 589 3032 erant,
610 2977 722 3021 tanturn¹
739 2987 792 3020 uon
811 2971 987 3031 vaticinante,
1008 2979 1035 3021 et
1055 2973 1091 3022 ita
1111 2970 1156 3021 di·
1201 3007 1206 3017 .

53 3051 138 3096 cente
158 3041 245 3113 “quid
263 3043 418 3096 etiamnunc
433 3058 528 3114 precer
550 3042 676 3093 iaciamus
696 3039 757 3104 deo,
779 3057 863 3110 quum
884 3041 933 3092 ille
952 3041 985 3091 de
1004 3041 1085 3092 rebus
1103 3059 1156 3094 no-

54 3115 120 3168 rtrir
140 3111 324 3166 decreverit?”

129 3185 202 3237 Haec
221 3185 302 3254 igitur
322 3186 360 3236 ita
378 3199 407 3236 re
426 3181 592 3247 habuerunt,
610 3182 702 3234 multis
722 3183 782 3233 atiir
804 3182 901 3250 stipata
921 3180 1029 3234 indiciis
1049 3183 1156 3236 instan-

54 3255 90 3307 tie
110 3256 250 3326 perniciei.
288 3256 387 3328 quibus
407 3255 532 3307 omnibue
553 3254 643 3306 cuncti
664 3253 774 3306 taudem
793 3253 961 3322 resipuimus,
979 3269 1039 3304 eero
1059 3253 1094 3304 ad
1112 3271 1156 3304 aa·

52 3342 121 3378 nam
139 3335 256 3380 mentem
271 3327 423 3388 redeuntes,
442 3327 638 3396 pristinamque
657 3325 819 3376 obiicientee
837 3324 1031 3376 confidentiam
1051 3325 1154 3394 (neque

52 3401 131 3449 enim
150 3397 274 3450 fiduciam
302 3399 377 3450 illam
408 3397 553 3470 dixerim),
579 3395 696 3448 modesti
726 3411 783 3446 esre
804 3397 950 3464 coepimus,
970 3404 998 3446 ct
1015 3397 1154 3447 intellexi-

51 3485 124 3530 mus,
143 3487 199 3520 non
220 3471 273 3520 iam
291 3487 340 3522 nor
361 3473 477 3540 effugere
495 3485 574 3540 porse
593 3467 784 3518 calamitatem.
823 3468 917 3535 itaque
929 3467 962 3517 ad
982 3467 1061 3518 finem
1081 3484 1153 3518 non-

53 3539 123 3592 dum
140 3539 289 3609 perductae
307 3551 385 3592 erant
405 3541 435 3592 in
456 3531 577 3592 ecciesiie
603 3539 755 3590 cantilenae
783 3537 927 3608 supplices,
946 3553 1028 3606 quum
1048 3538 1153 3588 bellurn

52 3612 178 3682 psalmis,
197 3613 245 3684 qui
262 3611 350 3664 adhuc
367 3614 395 3663 in
414 3611 506 3663 oribus
527 3611 695 3681 precantium
707 3609 862 3671 volvuntur,
881 3610 992 3660 naeniae
1010 3609 1152 3674 immiscet,

52 3697 159 3753 eoaque
177 3683 206 3734 in
225 3683 432 3736 tamentationes
451 3681 617 3735 miserabiles
630 3690 658 3733 et
669 3679 832 3734 eiulationer
851 3679 955 3746 Stygiae
974 3681 1063 3743 vertit,
1083 3697 1153 3730 con-

51 3754 135 3804 cione
154 3753 182 3804 in
202 3754 292 3822 iugem
310 3755 456 3823 compulsa,
476 3762 504 3806 et
523 3755 561 3804 ita
583 3755 687 3813 affecto,
704 3757 735 3801 ut
753 3750 861 3801 illarum
881 3767 969 3802 rerum
989 3752 1036 3819 qui
1055 3751 1152 3803 vivunt

51 3823 224 3876 recordaturi
245 3827 300 3878 rint
318 3827 399 3876 etiam
416 3826 446 3876 in
463 3825 592 3887 somniis,
612 3823 633 3874 si
656 3821 746 3873 uidem
763 3838 821 3872 non
839 3821 929 3872 suavia
948 3829 1053 3872 tuntum
1074 3837 1151 3872 men.

50 3897 75 3948 ti
97 3911 147 3965 per
167 3912 289 3948 somnum
311 3895 423 3948 liberius
448 3896 589 3965 evaganti,
608 3840 656 3946 aed
675 3892 755 3944 etiam
773 3907 813 3956 ea,
833 3908 903 3962 quae
922 3900 1051 3944 terrorem
1071 3893 1150 3943 incu-

50 3967 136 4028 tiunt,
155 3965 290 4020 obrerrari
308 3967 407 4018 rotent.

121 4037 162 4090 tta
183 4037 317 4106 igiturex
337 4035 478 4088 inimicitia
499 4036 603 4106 privata
631 4033 800 4104 imperatorie
819 4031 965 4085 Andronici
986 4038 1014 4082 et
1028 4029 1149 4093 Doridis,

51 4107 130 4160 ducit
150 4111 244 4171 nortri,
265 4109 415 4162 communie
435 4107 574 4159 calamitae
596 4108 731 4158 civitatem
753 4105 858 4166 iurarit,
878 4112 971 4156 contra
992 4102 1066 4152 illiue
1085 4117 1149 4152 een·

50 4177 183 4245 tentiam,
210 4181 260 4252 qni
286 4196 340 4233 rem
365 4177 503 4251 publicam
530 4194 612 4248 raepe
632 4175 782 4230 inimicitiir
800 4175 913 4247 privatis
943 4173 1049 4226 restitui
1067 4172 1147 4234 dixit,
