<?xml version="1.0" encoding="UTF-8"?>
<!DOCTYPE html PUBLIC "-//W3C//DTD XHTML 1.0 Transitional//EN"
    "http://www.w3.org/TR/xhtml1/DTD/xhtml1-transitional.dtd">
<html xmlns="http://www.w3.org/1999/xhtml" xml:lang="en" lang="en">
 <head>
  <title>
</title>
<meta http-equiv="Content-Type" content="text/html;charset=utf-8" />
  <meta name='ocr-system' content='tesseract 3.04.00' />
  <meta name='ocr-capabilities' content='ocr_page ocr_carea ocr_par ocr_line ocrx_word'/>
</head>
<body>
  <div class='ocr_page' id='page_1' title='image "./leonisgrammatic00gramgoog/leonisgrammatic00gramgoog_0492.png"; bbox 0 0 2828 4874; ppageno 0'>
   <div class='ocr_carea' id='block_1_1' title="bbox 178 289 1107 370">
    <p class='ocr_par' dir='ltr' id='par_1_1' title="bbox 178 289 1107 370">
     <span class='ocr_line' id='line_1_1' title="bbox 178 289 1107 370; baseline -0.002 -2"><span class='ocrx_word' id='word_1_1' title='bbox 178 305 233 368; x_wconf 83' lang='lat' dir='ltr'>oo</span> <span class='ocrx_word' id='word_1_2' title='bbox 251 303 557 370; x_wconf 71' lang='lat' dir='ltr'>cumsmourct</span> <span class='ocrx_word' id='word_1_3' title='bbox 576 304 605 369; x_wconf 80' lang='lat' dir='ltr'>a</span> <span class='ocrx_word' id='word_1_4' title='bbox 622 305 782 370; x_wconf 76' lang='lat' dir='ltr'>Ltrrurs</span> <span class='ocrx_word' id='word_1_5' title='bbox 801 303 945 368; x_wconf 72' lang='lat' dir='ltr'>carri.</span> <span class='ocrx_word' id='word_1_6' title='bbox 1032 289 1107 367; x_wconf 69' lang='lat'>473</span> 
     </span>
    </p>
   </div>
   <div class='ocr_carea' id='block_1_2' title="bbox 34 445 1176 2444">
    <p class='ocr_par' dir='ltr' id='par_1_2' title="bbox 34 445 1176 2339">
     <span class='ocr_line' id='line_1_2' title="bbox 35 445 1107 543; baseline -0.004 -23"><span class='ocrx_word' id='word_1_7' title='bbox 35 459 125 534; x_wconf 77' lang='grc' dir='ltr'><strong><em>αξεν,</em></strong></span> <span class='ocrx_word' id='word_1_8' title='bbox 155 448 285 539; x_wconf 74' lang='grc' dir='ltr'><strong><em>ἆληθῶς</em></strong></span> <span class='ocrx_word' id='word_1_9' title='bbox 305 458 341 520; x_wconf 79' lang='grc' dir='ltr'>δὲ</span> <span class='ocrx_word' id='word_1_10' title='bbox 367 455 445 522; x_wconf 79' lang='grc' dir='ltr'><strong><em>κατὰ</em></strong></span> <span class='ocrx_word' id='word_1_11' title='bbox 468 459 685 543; x_wconf 70' lang='grc' dir='ltr'>προμήθειαν,</span> <span class='ocrx_word' id='word_1_12' title='bbox 707 458 760 520; x_wconf 79' lang='grc' dir='ltr'>ἵνα</span> <span class='ocrx_word' id='word_1_13' title='bbox 779 454 834 519; x_wconf 77' lang='grc' dir='ltr'>καὶ</span> <span class='ocrx_word' id='word_1_14' title='bbox 853 451 930 540; x_wconf 75' lang='grc' dir='ltr'><strong><em>ῥᾷον</em></strong></span> <span class='ocrx_word' id='word_1_15' title='bbox 948 445 1030 518; x_wconf 80' lang='grc' dir='ltr'><strong><em>ούεω</em></strong></span> <span class='ocrx_word' id='word_1_16' title='bbox 1051 450 1107 516; x_wconf 81' lang='grc' dir='ltr'><strong><em>διδ</em></strong></span> 
     </span>
     <span class='ocr_line' id='line_1_3' title="bbox 35 545 1110 639; baseline 0 -23"><span class='ocrx_word' id='word_1_17' title='bbox 35 559 73 636; x_wconf 78' lang='grc' dir='ltr'>ῆς</span> <span class='ocrx_word' id='word_1_18' title='bbox 102 553 294 637; x_wconf 69' lang='grc' dir='ltr'><strong><em>πυκνότητος</em></strong></span> <span class='ocrx_word' id='word_1_19' title='bbox 323 561 382 620; x_wconf 82' lang='grc' dir='ltr'><strong><em>τού</em></strong></span> <span class='ocrx_word' id='word_1_20' title='bbox 411 561 490 620; x_wconf 79' lang='grc' dir='ltr'><strong><em>λαοῦ</em></strong></span> <span class='ocrx_word' id='word_1_21' title='bbox 510 556 734 639; x_wconf 86' lang='grc' dir='ltr'><strong><em>παρεισδύσιτο</em></strong></span> <span class='ocrx_word' id='word_1_22' title='bbox 768 553 946 639; x_wconf 81' lang='grc' dir='ltr'><strong><em>φευγόντων</em></strong></span> <span class='ocrx_word' id='word_1_23' title='bbox 971 545 1110 616; x_wconf 76' lang='grc' dir='ltr'><strong><em>ἑκάστων</em></strong></span> 
     </span>
     <span class='ocr_line' id='line_1_4' title="bbox 34 651 1111 744; baseline 0 -28"><span class='ocrx_word' id='word_1_24' title='bbox 34 658 266 738; x_wconf 77' lang='grc' dir='ltr'><strong><em>ὐμπατηθῆναι</em></strong></span> <span class='ocrx_word' id='word_1_25' title='bbox 290 657 334 743; x_wconf 76' lang='grc' dir='ltr'><strong><em>τῷ</em></strong></span> <span class='ocrx_word' id='word_1_26' title='bbox 354 659 458 744; x_wconf 82' lang='grc' dir='ltr'><strong><em>ΐππιρ,</em></strong></span> <span class='ocrx_word' id='word_1_27' title='bbox 480 655 534 720; x_wconf 85' lang='grc' dir='ltr'>καὶ</span> <span class='ocrx_word' id='word_1_28' title='bbox 555 651 693 730; x_wconf 74' lang='grc' dir='ltr'><strong><em>ἄποπτος</em></strong></span> <span class='ocrx_word' id='word_1_29' title='bbox 713 657 750 720; x_wconf 78' lang='grc' dir='ltr'>δὲ</span> <span class='ocrx_word' id='word_1_30' title='bbox 771 655 815 718; x_wconf 74' lang='grc' dir='ltr'><strong><em>σόν</em></strong></span> <span class='ocrx_word' id='word_1_31' title='bbox 834 653 978 735; x_wconf 81' lang='grc' dir='ltr'><strong><em>βλέποιτό</em></strong></span> <span class='ocrx_word' id='word_1_32' title='bbox 1000 674 1033 717; x_wconf 84' lang='grc' dir='ltr'><strong><em>τε</em></strong></span> <span class='ocrx_word' id='word_1_33' title='bbox 1055 653 1111 716; x_wconf 84' lang='grc' dir='ltr'>καί</span> 
     </span>
     <span class='ocr_line' id='line_1_5' title="bbox 34 751 1109 840; baseline 0.004 -28"><span class='ocrx_word' id='word_1_34' title='bbox 34 753 197 832; x_wconf 76' lang='grc' dir='ltr'><strong><em>ἵντιβλδποι</em></strong></span> <span class='ocrx_word' id='word_1_35' title='bbox 218 751 292 830; x_wconf 85' lang='grc' dir='ltr'><strong><em>τούς</em></strong></span> <span class='ocrx_word' id='word_1_36' title='bbox 312 760 585 840; x_wconf 67' lang='grc' dir='ltr'>κακουργοῦντας,</span> <span class='ocrx_word' id='word_1_37' title='bbox 608 755 663 820; x_wconf 80' lang='grc' dir='ltr'>καί</span> <span class='ocrx_word' id='word_1_38' title='bbox 683 751 781 830; x_wconf 81' lang='grc' dir='ltr'><strong><em>ούτως</em></strong></span> <span class='ocrx_word' id='word_1_39' title='bbox 800 753 920 828; x_wconf 83' lang='grc' dir='ltr'><strong><em>αύτούς</em></strong></span> <span class='ocrx_word' id='word_1_40' title='bbox 947 753 1109 833; x_wconf 80' lang='grc' dir='ltr'><strong><em>α’μύνοιτο,</em></strong></span> 
     </span>
     <span class='ocr_line' id='line_1_6' title="bbox 34 850 1112 938; baseline 0 -22"><span class='ocrx_word' id='word_1_41' title='bbox 34 893 60 904; x_wconf 90' lang='grc'>-</span> <span class='ocrx_word' id='word_1_42' title='bbox 84 853 266 935; x_wconf 76' lang='grc' dir='ltr'><strong><em>είσδραμαόν</em></strong></span> <span class='ocrx_word' id='word_1_43' title='bbox 284 859 361 937; x_wconf 86' lang='grc' dir='ltr'><strong><em>γούν</em></strong></span> <span class='ocrx_word' id='word_1_44' title='bbox 382 854 397 918; x_wconf 92' lang='grc' dir='ltr'><strong><em>ό</em></strong></span> <span class='ocrx_word' id='word_1_45' title='bbox 421 859 574 938; x_wconf 78' lang='grc' dir='ltr'><strong><em>εύνσύχος</em></strong></span> <span class='ocrx_word' id='word_1_46' title='bbox 593 852 675 920; x_wconf 74' lang='lat' dir='ltr'>oriam</span> <span class='ocrx_word' id='word_1_47' title='bbox 688 864 766 934; x_wconf 66' lang='lat' dir='ltr'>prer’v</span> <span class='ocrx_word' id='word_1_48' title='bbox 778 855 926 938; x_wconf 74' lang='grc' dir='ltr'>εὐγενοῦς</span> <span class='ocrx_word' id='word_1_49' title='bbox 946 853 1042 917; x_wconf 77' lang='grc' dir='ltr'><strong><em>ἵππου</em></strong></span> <span class='ocrx_word' id='word_1_50' title='bbox 1057 850 1112 916; x_wconf 77' lang='grc' dir='ltr'><strong><em>κατ’</em></strong></span> 
     </span>
     <span class='ocr_line' id='line_1_7' title="bbox 34 950 1110 1040; baseline -0.006 -22"><span class='ocrx_word' id='word_1_51' title='bbox 34 954 76 1036; x_wconf 69' lang='grc' dir='ltr'>’ἡν</span> <span class='ocrx_word' id='word_1_52' title='bbox 94 950 175 1033; x_wconf 82' lang='grc' dir='ltr'><strong><em>μετύ</em></strong></span> <span class='ocrx_word' id='word_1_53' title='bbox 202 963 296 1036; x_wconf 78' lang='grc' dir='ltr'><strong><em>χεῖρα</em></strong></span> <span class='ocrx_word' id='word_1_54' title='bbox 325 958 476 1040; x_wconf 76' lang='grc' dir='ltr'>σιδηρέαν</span> <span class='ocrx_word' id='word_1_55' title='bbox 505 954 639 1040; x_wconf 79' lang='grc' dir='ltr'><strong><em>κορύνην</em></strong></span> <span class='ocrx_word' id='word_1_56' title='bbox 660 954 814 1040; x_wconf 80' lang='grc' dir='ltr'><strong><em>κατάγων,</em></strong></span> <span class='ocrx_word' id='word_1_57' title='bbox 835 958 1110 1034; x_wconf 80' lang='grc' dir='ltr'><strong><em>σοντιιιλαμβανσ.</em></strong></span> 
     </span>
     <span class='ocr_line' id='line_1_8' title="bbox 34 1045 1112 1141; baseline 0.001 -25"><span class='ocrx_word' id='word_1_58' title='bbox 34 1057 122 1118; x_wconf 83' lang='grc' dir='ltr'><strong><em>ιε’νων</em></strong></span> <span class='ocrx_word' id='word_1_59' title='bbox 142 1045 209 1134; x_wconf 76' lang='grc' dir='ltr'><strong><em>δόμα</em></strong></span> <span class='ocrx_word' id='word_1_60' title='bbox 240 1054 295 1118; x_wconf 84' lang='grc' dir='ltr'>καί</span> <span class='ocrx_word' id='word_1_61' title='bbox 321 1057 385 1118; x_wconf 80' lang='grc' dir='ltr'>των</span> <span class='ocrx_word' id='word_1_62' title='bbox 411 1057 612 1141; x_wconf 78' lang='grc' dir='ltr'><strong><em>ἐφεπομδνων</em></strong></span> <span class='ocrx_word' id='word_1_63' title='bbox 641 1052 861 1139; x_wconf 74' lang='grc' dir='ltr'><strong><em>θεραπόντων,</em></strong></span> <span class='ocrx_word' id='word_1_64' title='bbox 890 1055 923 1118; x_wconf 77' lang='grc' dir='ltr'>οδ</span> <span class='ocrx_word' id='word_1_65' title='bbox 941 1056 996 1117; x_wconf 84' lang='grc' dir='ltr'><em>καί</em></span> <span class='ocrx_word' id='word_1_66' title='bbox 1017 1054 1112 1117; x_wconf 70' lang='lat' dir='ltr'>orient*</span> 
     </span>
     <span class='ocr_line' id='line_1_9' title="bbox 34 1148 1109 1241; baseline 0.001 -24"><span class='ocrx_word' id='word_1_67' title='bbox 34 1153 154 1239; x_wconf 69' lang='grc' dir='ltr'><strong><em>’φοδροί</em></strong></span> <span class='ocrx_word' id='word_1_68' title='bbox 183 1157 263 1235; x_wconf 79' lang='grc' dir='ltr'><strong><em>δρᾶν</em></strong></span> <span class='ocrx_word' id='word_1_69' title='bbox 282 1148 379 1240; x_wconf 78' lang='grc' dir='ltr'><strong><em>ἦσαν,</em></strong></span> <span class='ocrx_word' id='word_1_70' title='bbox 402 1159 516 1241; x_wconf 80' lang='grc' dir='ltr'><strong><em>φόνους</em></strong></span> <span class='ocrx_word' id='word_1_71' title='bbox 543 1179 578 1222; x_wconf 79' lang='grc' dir='ltr'>τι</span> <span class='ocrx_word' id='word_1_72' title='bbox 599 1156 733 1231; x_wconf 88' lang='grc' dir='ltr'><strong><em>πολλούς</em></strong></span> <span class='ocrx_word' id='word_1_73' title='bbox 752 1156 890 1220; x_wconf 73' lang='grc' dir='ltr'><strong><em>ἐκώλυσε</em></strong></span> <span class='ocrx_word' id='word_1_74' title='bbox 912 1152 966 1219; x_wconf 83' lang='grc' dir='ltr'>καί</span> <span class='ocrx_word' id='word_1_75' title='bbox 984 1151 1109 1237; x_wconf 74' lang='grc' dir='ltr'><strong><em>γυμνω-</em></strong></span> 
     </span>
     <span class='ocr_line' id='line_1_10' title="bbox 34 1247 1110 1341; baseline -0.002 -25"><span class='ocrx_word' id='word_1_76' title='bbox 34 1275 86 1329; x_wconf 67' lang='grc' dir='ltr'><strong><em>ἐις</em></strong></span> <span class='ocrx_word' id='word_1_77' title='bbox 105 1253 228 1336; x_wconf 77' lang='grc' dir='ltr'><strong><em>ἀνδρῶν</em></strong></span> <span class='ocrx_word' id='word_1_78' title='bbox 249 1278 283 1319; x_wconf 86' lang='grc' dir='ltr'><strong><em>τε</em></strong></span> <span class='ocrx_word' id='word_1_79' title='bbox 308 1259 362 1320; x_wconf 86' lang='grc' dir='ltr'>καί</span> <span class='ocrx_word' id='word_1_80' title='bbox 382 1261 556 1338; x_wconf 73' lang='grc' dir='ltr'><strong><em>γυναικοῖν,</em></strong></span> <span class='ocrx_word' id='word_1_81' title='bbox 587 1255 669 1338; x_wconf 72' lang='grc' dir='ltr'><strong><em>δ’δι)</em></strong></span> <span class='ocrx_word' id='word_1_82' title='bbox 698 1251 816 1341; x_wconf 76' lang='grc' dir='ltr'><strong><em>ἓτρωθι</em></strong></span> <span class='ocrx_word' id='word_1_83' title='bbox 845 1258 1029 1338; x_wconf 77' lang='grc' dir='ltr'><strong><em>κωλυθῆναι</em></strong></span> <span class='ocrx_word' id='word_1_84' title='bbox 1052 1247 1110 1314; x_wconf 69' lang='lat' dir='ltr'>odor</span> 
     </span>
     <span class='ocr_line' id='line_1_11' title="bbox 34 1351 1108 1442; baseline 0 -24"><span class='ocrx_word' id='word_1_85' title='bbox 34 1353 102 1436; x_wconf 76' lang='grc' dir='ltr'><strong><em>σχε,</em></strong></span> <span class='ocrx_word' id='word_1_86' title='bbox 124 1354 178 1416; x_wconf 78' lang='grc' dir='ltr'>καί</span> <span class='ocrx_word' id='word_1_87' title='bbox 200 1354 275 1428; x_wconf 85' lang='grc' dir='ltr'><strong><em>τούς</em></strong></span> <span class='ocrx_word' id='word_1_88' title='bbox 298 1354 486 1436; x_wconf 72' lang='grc' dir='ltr'><strong><em>ἐπιβούλους</em></strong></span> <span class='ocrx_word' id='word_1_89' title='bbox 508 1359 544 1422; x_wconf 75' lang='grc' dir='ltr'>δὲ</span> <span class='ocrx_word' id='word_1_90' title='bbox 566 1355 624 1420; x_wconf 83' lang='grc' dir='ltr'><strong><em>τοῦ</em></strong></span> <span class='ocrx_word' id='word_1_91' title='bbox 638 1353 730 1438; x_wconf 74' lang='grc' dir='ltr'><strong><em>ἁγίου</em></strong></span> <span class='ocrx_word' id='word_1_92' title='bbox 751 1352 854 1442; x_wconf 81' lang='grc' dir='ltr'><strong><em>τύφου</em></strong></span> <span class='ocrx_word' id='word_1_93' title='bbox 876 1356 1044 1438; x_wconf 72' lang='grc' dir='ltr'><strong><em>ἀπήγαγεν,</em></strong></span> <span class='ocrx_word' id='word_1_94' title='bbox 1067 1351 1108 1432; x_wconf 81' lang='grc' dir='ltr'>σός</span> 
     </span>
     <span class='ocr_line' id='line_1_12' title="bbox 35 1446 1110 1541; baseline 0.003 -25"><span class='ocrx_word' id='word_1_95' title='bbox 35 1446 72 1516; x_wconf 88' lang='grc' dir='ltr'>ύκ</span> <span class='ocrx_word' id='word_1_96' title='bbox 104 1446 144 1516; x_wconf 80' lang='lat' dir='ltr'>dr</span> <span class='ocrx_word' id='word_1_97' title='bbox 174 1456 288 1518; x_wconf 79' lang='grc' dir='ltr'><strong><em>ἐκεῖνοι</em></strong></span> <span class='ocrx_word' id='word_1_98' title='bbox 309 1447 441 1538; x_wconf 80' lang='grc' dir='ltr'><strong><em>ἤθελον,</em></strong></span> <span class='ocrx_word' id='word_1_99' title='bbox 467 1455 677 1539; x_wconf 69' lang='grc' dir='ltr'><strong><em>κερδήσανιας</em></strong></span> <span class='ocrx_word' id='word_1_100' title='bbox 704 1456 787 1536; x_wconf 88' lang='grc' dir='ltr'><strong><em>μόνα</em></strong></span> <span class='ocrx_word' id='word_1_101' title='bbox 815 1456 931 1541; x_wconf 76' lang='grc' dir='ltr'><strong><em>(μυρία</em></strong></span> <span class='ocrx_word' id='word_1_102' title='bbox 962 1456 998 1518; x_wconf 83' lang='grc' dir='ltr'>δὲ</span> <span class='ocrx_word' id='word_1_103' title='bbox 1028 1447 1110 1536; x_wconf 76' lang='grc' dir='ltr'><strong><em>ἦσαν</em></strong></span> 
     </span>
     <span class='ocr_line' id='line_1_13' title="bbox 34 1549 1110 1642; baseline 0.002 -26"><span class='ocrx_word' id='word_1_104' title='bbox 34 1559 136 1638; x_wconf 79' lang='grc' dir='ltr'><strong><em>κεῖνα)</em></strong></span> <span class='ocrx_word' id='word_1_105' title='bbox 160 1549 222 1617; x_wconf 85' lang='grc' dir='ltr'>ύσα</span> <span class='ocrx_word' id='word_1_106' title='bbox 241 1552 302 1636; x_wconf 89' lang='grc' dir='ltr'>πρό</span> <span class='ocrx_word' id='word_1_107' title='bbox 326 1554 426 1619; x_wconf 84' lang='grc' dir='ltr'><strong><em>αύτού</em></strong></span> <span class='ocrx_word' id='word_1_108' title='bbox 455 1560 657 1620; x_wconf 76' lang='grc' dir='ltr'><strong><em>κατέσπασαν</em></strong></span> <span class='ocrx_word' id='word_1_109' title='bbox 678 1553 874 1642; x_wconf 78' lang='grc' dir='ltr'><strong><em>φθάσαντες.</em></strong></span> <span class='ocrx_word' id='word_1_110' title='bbox 916 1557 972 1618; x_wconf 85' lang='grc' dir='ltr'>καί</span> <span class='ocrx_word' id='word_1_111' title='bbox 992 1550 1110 1639; x_wconf 79' lang='grc' dir='ltr'><strong><em>φόνους</em></strong></span> 
     </span>
     <span class='ocr_line' id='line_1_14' title="bbox 34 1648 1110 1740; baseline 0.002 -24"><span class='ocrx_word' id='word_1_112' title='bbox 34 1655 74 1718; x_wconf 77' lang='lat' dir='ltr'>:iv</span> <span class='ocrx_word' id='word_1_113' title='bbox 96 1651 172 1730; x_wconf 85' lang='grc' dir='ltr'><strong><em>τούς</em></strong></span> <span class='ocrx_word' id='word_1_114' title='bbox 200 1656 268 1717; x_wconf 75' lang='grc' dir='ltr'><strong><em>ἐκεῖ</em></strong></span> <span class='ocrx_word' id='word_1_115' title='bbox 293 1658 445 1738; x_wconf 80' lang='grc' dir='ltr'><strong><em>κατέσχεν</em></strong></span> <span class='ocrx_word' id='word_1_116' title='bbox 466 1653 483 1719; x_wconf 89' lang='grc' dir='ltr'><strong><em>δ</em></strong></span> <span class='ocrx_word' id='word_1_117' title='bbox 513 1648 641 1739; x_wconf 76' lang='grc' dir='ltr'><strong><em>ἅρχων,</em></strong></span> <span class='ocrx_word' id='word_1_118' title='bbox 668 1657 727 1720; x_wconf 87' lang='grc' dir='ltr'><strong><em>τού</em></strong></span> <span class='ocrx_word' id='word_1_119' title='bbox 751 1657 787 1718; x_wconf 81' lang='grc' dir='ltr'>δὲ</span> <span class='ocrx_word' id='word_1_120' title='bbox 808 1657 945 1738; x_wconf 78' lang='grc' dir='ltr'><strong><em>πνιγμοῦ</em></strong></span> <span class='ocrx_word' id='word_1_121' title='bbox 964 1657 1026 1718; x_wconf 79' lang='grc' dir='ltr'>τῶν</span> <span class='ocrx_word' id='word_1_122' title='bbox 1048 1679 1110 1740; x_wconf 88' lang='grc' dir='ltr'>φυ-</span> 
     </span>
     <span class='ocr_line' id='line_1_15' title="bbox 34 1748 1112 1843; baseline 0.003 -27"><span class='ocrx_word' id='word_1_123' title='bbox 34 1749 132 1816; x_wconf 83' lang='grc' dir='ltr'><strong><em>όντων</em></strong></span> <span class='ocrx_word' id='word_1_124' title='bbox 155 1755 188 1816; x_wconf 79' lang='grc' dir='ltr'><strong><em>ἐν</em></strong></span> <span class='ocrx_word' id='word_1_125' title='bbox 207 1758 250 1841; x_wconf 72' lang='grc' dir='ltr'><strong><em>τῷ</em></strong></span> <span class='ocrx_word' id='word_1_126' title='bbox 270 1758 336 1841; x_wconf 74' lang='grc' dir='ltr'>ναῷ</span> <span class='ocrx_word' id='word_1_127' title='bbox 356 1753 413 1816; x_wconf 86' lang='grc' dir='ltr'>ουίι</span> <span class='ocrx_word' id='word_1_128' title='bbox 436 1748 474 1838; x_wconf 78' lang='grc' dir='ltr'><strong><em>ἦν</em></strong></span> <span class='ocrx_word' id='word_1_129' title='bbox 495 1755 665 1843; x_wconf 78' lang='grc' dir='ltr'><strong><em>ἐπίσχεσις,</em></strong></span> <span class='ocrx_word' id='word_1_130' title='bbox 685 1757 755 1818; x_wconf 76' lang='grc' dir='ltr'>ἀλλ’</span> <span class='ocrx_word' id='word_1_131' title='bbox 778 1749 885 1837; x_wconf 70' lang='grc' dir='ltr'><strong><em>οἵσπερ</em></strong></span> <span class='ocrx_word' id='word_1_132' title='bbox 908 1757 943 1818; x_wconf 76' lang='grc' dir='ltr'><strong><em>ἐν</em></strong></span> <span class='ocrx_word' id='word_1_133' title='bbox 964 1761 1034 1831; x_wconf 72' lang='grc' dir='ltr'><strong><em>ταῖς</em></strong></span> <span class='ocrx_word' id='word_1_134' title='bbox 1054 1748 1112 1820; x_wconf 76' lang='grc' dir='ltr'>ἅλ-</span> 
     </span>
     <span class='ocr_line' id='line_1_16' title="bbox 35 1850 1110 1942; baseline 0.001 -26"><span class='ocrx_word' id='word_1_135' title='bbox 35 1877 89 1928; x_wconf 89' lang='grc' dir='ltr'>αις</span> <span class='ocrx_word' id='word_1_136' title='bbox 111 1858 305 1934; x_wconf 83' lang='grc' dir='ltr'><strong><em>καθολικαῖς,</em></strong></span> <span class='ocrx_word' id='word_1_137' title='bbox 328 1850 411 1918; x_wconf 83' lang='grc' dir='ltr'><strong><em>ούτω</em></strong></span> <span class='ocrx_word' id='word_1_138' title='bbox 432 1858 487 1919; x_wconf 83' lang='grc' dir='ltr'>καί</span> <span class='ocrx_word' id='word_1_139' title='bbox 505 1854 605 1942; x_wconf 77' lang='grc' dir='ltr'><strong><em>ταύτῃ</em></strong></span> <span class='ocrx_word' id='word_1_140' title='bbox 640 1857 696 1920; x_wconf 85' lang='grc' dir='ltr'>ούκ</span> <span class='ocrx_word' id='word_1_141' title='bbox 714 1855 802 1942; x_wconf 78' lang='grc' dir='ltr'><strong><em>ὀλίγῃ</em></strong></span> <span class='ocrx_word' id='word_1_142' title='bbox 823 1854 920 1942; x_wconf 74' lang='grc' dir='ltr'><strong><em>μοίρᾳ</em></strong></span> <span class='ocrx_word' id='word_1_143' title='bbox 939 1853 1011 1931; x_wconf 84' lang='grc' dir='ltr'><strong><em>τούς</em></strong></span> <span class='ocrx_word' id='word_1_144' title='bbox 1032 1856 1110 1934; x_wconf 54' lang='lat' dir='ltr'>Crdo*</span> 
     </span>
     <span class='ocr_line' id='line_1_17' title="bbox 34 1947 1112 2041; baseline 0.002 -25"><span class='ocrx_word' id='word_1_145' title='bbox 34 1977 72 2028; x_wconf 88' lang='grc' dir='ltr'>ας</span> <span class='ocrx_word' id='word_1_146' title='bbox 95 1947 113 2016; x_wconf 87' lang='grc' dir='ltr'><strong><em>ό</em></strong></span> <span class='ocrx_word' id='word_1_147' title='bbox 136 1952 269 2038; x_wconf 77' lang='grc' dir='ltr'><strong><em>πνιγμός</em></strong></span> <span class='ocrx_word' id='word_1_148' title='bbox 292 1957 487 2041; x_wconf 78' lang='grc' dir='ltr'><strong><em>ἐδικαίωσεν,</em></strong></span> <span class='ocrx_word' id='word_1_149' title='bbox 508 1949 581 2020; x_wconf 74' lang='lat' dir='ltr'>cdvi</span> <span class='ocrx_word' id='word_1_150' title='bbox 601 1953 738 2041; x_wconf 80' lang='grc' dir='ltr'><strong><em>α’ριθμός</em></strong></span> <span class='ocrx_word' id='word_1_151' title='bbox 754 1959 852 2040; x_wconf 83' lang='grc' dir='ltr'><strong><em>ι’ρίζοι</em></strong></span> <span class='ocrx_word' id='word_1_152' title='bbox 874 1947 914 2019; x_wconf 80' lang='grc' dir='ltr'><strong><em>δν</em></strong></span> <span class='ocrx_word' id='word_1_153' title='bbox 934 1955 1014 2037; x_wconf 90' lang='grc' dir='ltr'><strong><em>πρός</em></strong></span> <span class='ocrx_word' id='word_1_154' title='bbox 1036 1952 1112 2030; x_wconf 87' lang='grc' dir='ltr'><strong><em>τούς</em></strong></span> 
     </span>
     <span class='ocr_line' id='line_1_18' title="bbox 34 2051 1111 2142; baseline -0.003 -26"><span class='ocrx_word' id='word_1_155' title='bbox 34 2058 66 2116; x_wconf 83' lang='grc' dir='ltr'>π’</span> <span class='ocrx_word' id='word_1_156' title='bbox 97 2051 297 2138; x_wconf 72' lang='grc' dir='ltr'><strong><em>ἀκροπόλεως</em></strong></span> <span class='ocrx_word' id='word_1_157' title='bbox 332 2055 536 2141; x_wconf 82' lang='grc' dir='ltr'><strong><em>πεπιιγότας,</em></strong></span> <span class='ocrx_word' id='word_1_158' title='bbox 572 2055 616 2132; x_wconf 85' lang='grc' dir='ltr'>σός</span> <span class='ocrx_word' id='word_1_159' title='bbox 653 2056 673 2142; x_wconf 80' lang='grc' dir='ltr'><em>ἧ</em></span> <span class='ocrx_word' id='word_1_160' title='bbox 711 2054 796 2141; x_wconf 77' lang='grc' dir='ltr'><strong><em>α’ρχὴ</em></strong></span> <span class='ocrx_word' id='word_1_161' title='bbox 830 2057 890 2122; x_wconf 86' lang='grc' dir='ltr'><strong><em>τού</em></strong></span> <span class='ocrx_word' id='word_1_162' title='bbox 908 2053 1003 2139; x_wconf 88' lang='grc' dir='ltr'><strong><em>λόγου</em></strong></span> <span class='ocrx_word' id='word_1_163' title='bbox 1033 2077 1111 2119; x_wconf 85' lang='grc' dir='ltr'><strong><em>συν.</em></strong></span> 
     </span>
     <span class='ocr_line' id='line_1_19' title="bbox 34 2172 148 2238; baseline 0 -21"><span class='ocrx_word' id='word_1_164' title='bbox 34 2172 148 2238; x_wconf 83' lang='grc' dir='ltr'><strong><em>γραιμε.</em></strong></span> 
     </span>
     <span class='ocr_line' id='line_1_20' title="bbox 113 2248 1176 2339; baseline -0.002 -21"><span class='ocrx_word' id='word_1_165' title='bbox 113 2253 153 2318; x_wconf 89' lang='grc' dir='ltr'>Τί</span> <span class='ocrx_word' id='word_1_166' title='bbox 172 2248 212 2319; x_wconf 76' lang='grc' dir='ltr'><strong><em>δν</em></strong></span> <span class='ocrx_word' id='word_1_167' title='bbox 234 2258 356 2339; x_wconf 78' lang='grc' dir='ltr'><strong><em>λέγοιμι</em></strong></span> <span class='ocrx_word' id='word_1_168' title='bbox 374 2257 449 2334; x_wconf 88' lang='grc' dir='ltr'><strong><em>τούς</em></strong></span> <span class='ocrx_word' id='word_1_169' title='bbox 472 2260 536 2322; x_wconf 75' lang='grc' dir='ltr'>τῶν</span> <span class='ocrx_word' id='word_1_170' title='bbox 556 2260 670 2339; x_wconf 79' lang='grc' dir='ltr'><strong><em>τεγέων</em></strong></span> <span class='ocrx_word' id='word_1_171' title='bbox 693 2255 788 2322; x_wconf 82' lang='grc' dir='ltr'><strong><em>οἴκων</em></strong></span> <span class='ocrx_word' id='word_1_172' title='bbox 809 2248 933 2321; x_wconf 71' lang='grc' dir='ltr'><strong><em>ἄνωθεν</em></strong></span> <span class='ocrx_word' id='word_1_173' title='bbox 951 2255 1110 2320; x_wconf 79' lang='grc' dir='ltr'><strong><em>καθαλλο-</em></strong></span> <span class='ocrx_word' id='word_1_174' title='bbox 1123 2261 1176 2317; x_wconf 78' lang='lat'>297</span> 
     </span>
    </p>

    <p class='ocr_par' dir='ltr' id='par_1_3' title="bbox 34 2349 1111 2444">
     <span class='ocr_line' id='line_1_21' title="bbox 34 2349 1111 2444; baseline -0.003 -26"><span class='ocrx_word' id='word_1_175' title='bbox 34 2355 131 2428; x_wconf 78' lang='grc' dir='ltr'><strong><em>ιένοιις</em></strong></span> <span class='ocrx_word' id='word_1_176' title='bbox 162 2356 216 2418; x_wconf 71' lang='grc' dir='ltr'><strong><em>ἐπι·</em></strong></span> <span class='ocrx_word' id='word_1_177' title='bbox 244 2357 359 2444; x_wconf 73' lang='grc' dir='ltr'><strong><em>μελέτῃ</em></strong></span> <span class='ocrx_word' id='word_1_178' title='bbox 381 2355 544 2443; x_wconf 79' lang='grc' dir='ltr'><strong><em>θανάτου,</em></strong></span> <span class='ocrx_word' id='word_1_179' title='bbox 566 2352 615 2420; x_wconf 81' lang='lat' dir='ltr'>dte</span> <span class='ocrx_word' id='word_1_180' title='bbox 638 2356 674 2421; x_wconf 91' lang='grc' dir='ltr'><strong><em>τό</em></strong></span> <span class='ocrx_word' id='word_1_181' title='bbox 694 2360 776 2440; x_wconf 78' lang='grc' dir='ltr'><strong><em>μέγα</em></strong></span> <span class='ocrx_word' id='word_1_182' title='bbox 797 2355 894 2421; x_wconf 85' lang='grc' dir='ltr'><strong><em>κακόν</em></strong></span> <span class='ocrx_word' id='word_1_183' title='bbox 914 2358 969 2420; x_wconf 77' lang='grc' dir='ltr'><strong><em>κατ’</em></strong></span> <span class='ocrx_word' id='word_1_184' title='bbox 990 2349 1111 2428; x_wconf 79' lang='grc' dir='ltr'><strong><em>αύτούς</em></strong></span> 
     </span>
    </p>
   </div>
   <div class='ocr_carea' id='block_1_3' title="bbox 34 2444 1110 2639">
    <p class='ocr_par' dir='ltr' id='par_1_4' title="bbox 34 2444 1110 2639">
     <span class='ocr_line' id='line_1_22' title="bbox 34 2444 1109 2542; baseline 0 -28"><span class='ocrx_word' id='word_1_185' title='bbox 34 2457 282 2536; x_wconf 75' lang='grc' dir='ltr'><strong><em>ιεριεστοίχιζενς</em></strong></span> <span class='ocrx_word' id='word_1_186' title='bbox 303 2455 337 2520; x_wconf 78' lang='grc' dir='ltr'>οδ</span> <span class='ocrx_word' id='word_1_187' title='bbox 354 2454 571 2542; x_wconf 76' lang='grc' dir='ltr'><strong><em>πτερύξασθαι</em></strong></span> <span class='ocrx_word' id='word_1_188' title='bbox 590 2460 635 2532; x_wconf 85' lang='grc' dir='ltr'>είς</span> <span class='ocrx_word' id='word_1_189' title='bbox 658 2459 776 2540; x_wconf 80' lang='grc' dir='ltr'><strong><em>αἰθέρα</em></strong></span> <span class='ocrx_word' id='word_1_190' title='bbox 795 2455 840 2540; x_wconf 82' lang='grc' dir='ltr'>μή</span> <span class='ocrx_word' id='word_1_191' title='bbox 861 2456 991 2540; x_wconf 82' lang='grc' dir='ltr'><strong><em>ἔχοντες,</em></strong></span> <span class='ocrx_word' id='word_1_192' title='bbox 1012 2444 1109 2536; x_wconf 86' lang='grc' dir='ltr'><strong><em>ούπερ</em></strong></span> 
     </span>
     <span class='ocr_line' id='line_1_23' title="bbox 34 2547 1110 2639; baseline -0.001 -23"><span class='ocrx_word' id='word_1_193' title='bbox 34 2551 144 2638; x_wconf 54' lang='grc' dir='ltr'><strong><em>ῗφίιντο</em></strong></span> <span class='ocrx_word' id='word_1_194' title='bbox 165 2547 223 2639; x_wconf 74' lang='grc' dir='ltr'><strong><em>ἄν,</em></strong></span> <span class='ocrx_word' id='word_1_195' title='bbox 254 2557 290 2620; x_wconf 84' lang='grc' dir='ltr'><strong><em>τό</em></strong></span> <span class='ocrx_word' id='word_1_196' title='bbox 314 2559 378 2620; x_wconf 78' lang='grc' dir='ltr'>τῶν</span> <span class='ocrx_word' id='word_1_197' title='bbox 399 2557 527 2639; x_wconf 84' lang='grc' dir='ltr'><strong><em>βαρέων</em></strong></span> <span class='ocrx_word' id='word_1_198' title='bbox 554 2553 695 2639; x_wconf 83' lang='grc' dir='ltr'><strong><em>ἔπασχον</em></strong></span> <span class='ocrx_word' id='word_1_199' title='bbox 717 2555 772 2621; x_wconf 79' lang='grc' dir='ltr'>καὶ</span> <span class='ocrx_word' id='word_1_200' title='bbox 795 2552 927 2621; x_wconf 82' lang='grc' dir='ltr'><strong><em>ε’λόιιουν</em></strong></span> <span class='ocrx_word' id='word_1_201' title='bbox 945 2559 991 2630; x_wconf 80' lang='grc' dir='ltr'>εἰς</span> <span class='ocrx_word' id='word_1_202' title='bbox 1008 2548 1110 2617; x_wconf 81' lang='grc' dir='ltr'><strong><em>θύνο-</em></strong></span> 
     </span>
    </p>
   </div>
   <div class='ocr_carea' id='block_1_4' title="bbox 88 2688 446 2754">
    <p class='ocr_par' dir='ltr' id='par_1_5' title="bbox 88 2688 446 2754">
     <span class='ocr_line' id='line_1_24' title="bbox 88 2688 446 2754; baseline -0.003 -8"><span class='ocrx_word' id='word_1_203' title='bbox 88 2691 131 2746; x_wconf 83' lang='grc'>15.</span> <span class='ocrx_word' id='word_1_204' title='bbox 149 2689 225 2747; x_wconf 71' lang='grc' dir='ltr'><strong><em>κδνδ</em></strong></span> <span class='ocrx_word' id='word_1_205' title='bbox 315 2691 359 2744; x_wconf 85' lang='grc'>17.</span> <span class='ocrx_word' id='word_1_206' title='bbox 379 2688 446 2754; x_wconf 66' lang='lat' dir='ltr'>ode?</span> 
     </span>
    </p>
   </div>
   <div class='ocr_carea' id='block_1_5' title="bbox 33 2830 1111 4254">
    <p class='ocr_par' dir='ltr' id='par_1_6' title="bbox 33 2830 1111 4024">
     <span class='ocr_line' id='line_1_25' title="bbox 34 2830 1109 2902; baseline 0 -22"><span class='ocrx_word' id='word_1_207' title='bbox 34 2831 128 2899; x_wconf 86' lang='lat' dir='ltr'>mplo,</span> <span class='ocrx_word' id='word_1_208' title='bbox 146 2831 210 2901; x_wconf 84' lang='lat' dir='ltr'>qui,</span> <span class='ocrx_word' id='word_1_209' title='bbox 231 2847 314 2900; x_wconf 86' lang='lat' dir='ltr'>quum</span> <span class='ocrx_word' id='word_1_210' title='bbox 333 2832 360 2883; x_wconf 89' lang='lat' dir='ltr'>in</span> <span class='ocrx_word' id='word_1_211' title='bbox 384 2830 544 2884; x_wconf 75' lang='lat' dir='ltr'>catholicum</span> <span class='ocrx_word' id='word_1_212' title='bbox 567 2831 727 2902; x_wconf 75' lang='lat' dir='ltr'><strong>metropolis</strong></span> <span class='ocrx_word' id='word_1_213' title='bbox 754 2831 893 2884; x_wconf 77' lang='lat' dir='ltr'>ecclesium</span> <span class='ocrx_word' id='word_1_214' title='bbox 922 2831 1044 2882; x_wconf 81' lang='lat' dir='ltr'>invector</span> <span class='ocrx_word' id='word_1_215' title='bbox 1064 2843 1109 2880; x_wconf 80' lang='lat' dir='ltr'>ee-</span> 
     </span>
     <span class='ocr_line' id='line_1_26' title="bbox 34 2900 1110 2973; baseline 0 -21"><span class='ocrx_word' id='word_1_216' title='bbox 34 2908 75 2964; x_wconf 85' lang='lat' dir='ltr'>et,</span> <span class='ocrx_word' id='word_1_217' title='bbox 97 2900 258 2954; x_wconf 73' lang='lat' dir='ltr'>deturbatus</span> <span class='ocrx_word' id='word_1_218' title='bbox 286 2910 344 2954; x_wconf 86' lang='lat' dir='ltr'>tum</span> <span class='ocrx_word' id='word_1_219' title='bbox 368 2917 467 2973; x_wconf 88' lang='lat' dir='ltr'>equum</span> <span class='ocrx_word' id='word_1_220' title='bbox 495 2904 606 2955; x_wconf 86' lang='lat' dir='ltr'>vulnere</span> <span class='ocrx_word' id='word_1_221' title='bbox 633 2904 736 2955; x_wconf 75' lang='lat' dir='ltr'>laeuam</span> <span class='ocrx_word' id='word_1_222' title='bbox 762 2903 869 2966; x_wconf 74' lang='lat' dir='ltr'>amisit,</span> <span class='ocrx_word' id='word_1_223' title='bbox 887 2909 944 2952; x_wconf 87' lang='lat' dir='ltr'>tum</span> <span class='ocrx_word' id='word_1_224' title='bbox 964 2902 1021 2969; x_wconf 77' lang='lat' dir='ltr'>ipre</span> <span class='ocrx_word' id='word_1_225' title='bbox 1037 2902 1110 2952; x_wconf 89' lang='lat' dir='ltr'>male</span> 
     </span>
     <span class='ocr_line' id='line_1_27' title="bbox 37 2972 1110 3042; baseline 0 -20"><span class='ocrx_word' id='word_1_226' title='bbox 37 2973 152 3036; x_wconf 76' lang='lat' dir='ltr'>leeeseit,</span> <span class='ocrx_word' id='word_1_227' title='bbox 178 2972 226 3024; x_wconf 82' lang='lat' dir='ltr'>red</span> <span class='ocrx_word' id='word_1_228' title='bbox 247 2989 337 3026; x_wconf 80' lang='lat' dir='ltr'>revera</span> <span class='ocrx_word' id='word_1_229' title='bbox 359 2972 451 3026; x_wconf 69' lang='lat' dir='ltr'>(livino</span> <span class='ocrx_word' id='word_1_230' title='bbox 476 2973 573 3025; x_wconf 84' lang='lat' dir='ltr'>ductor</span> <span class='ocrx_word' id='word_1_231' title='bbox 596 2973 785 3042; x_wconf 81' lang='lat' dir='ltr'>providentie,</span> <span class='ocrx_word' id='word_1_232' title='bbox 808 2989 863 3041; x_wconf 91' lang='lat' dir='ltr'>quo</span> <span class='ocrx_word' id='word_1_233' title='bbox 882 2972 987 3024; x_wconf 71' lang='lat' dir='ltr'>lucilius</span> <span class='ocrx_word' id='word_1_234' title='bbox 1005 2973 1042 3023; x_wconf 93' lang='lat' dir='ltr'>ita</span> <span class='ocrx_word' id='word_1_235' title='bbox 1061 2987 1110 3041; x_wconf 87' lang='lat' dir='ltr'>per</span> 
     </span>
     <span class='ocr_line' id='line_1_28' title="bbox 34 3043 1110 3114; baseline -0.002 -18"><span class='ocrx_word' id='word_1_236' title='bbox 34 3043 221 3096; x_wconf 81' lang='lat' dir='ltr'>tultitudioem</span> <span class='ocrx_word' id='word_1_237' title='bbox 241 3043 380 3096; x_wconf 87' lang='lat' dir='ltr'>hominum</span> <span class='ocrx_word' id='word_1_238' title='bbox 398 3053 563 3113; x_wconf 85' lang='lat' dir='ltr'>penetraret,</span> <span class='ocrx_word' id='word_1_239' title='bbox 583 3061 617 3095; x_wconf 83' lang='lat' dir='ltr'>ne</span> <span class='ocrx_word' id='word_1_240' title='bbox 630 3045 663 3095; x_wconf 91' lang='lat' dir='ltr'>ab</span> <span class='ocrx_word' id='word_1_241' title='bbox 682 3061 753 3114; x_wconf 88' lang='lat' dir='ltr'>equo</span> <span class='ocrx_word' id='word_1_242' title='bbox 772 3045 994 3095; x_wconf 78' lang='lat' dir='ltr'>conculcarentur</span> <span class='ocrx_word' id='word_1_243' title='bbox 1012 3060 1110 3094; x_wconf 83' lang='lat' dir='ltr'>ceven-</span> 
     </span>
     <span class='ocr_line' id='line_1_29' title="bbox 34 3115 1109 3184; baseline -0.001 -18"><span class='ocrx_word' id='word_1_244' title='bbox 34 3115 96 3177; x_wconf 87' lang='lat' dir='ltr'>ium,</span> <span class='ocrx_word' id='word_1_245' title='bbox 117 3124 145 3166; x_wconf 90' lang='lat' dir='ltr'>et</span> <span class='ocrx_word' id='word_1_246' title='bbox 164 3116 289 3167; x_wconf 72' lang='lat' dir='ltr'>sublimio</span> <span class='ocrx_word' id='word_1_247' title='bbox 315 3124 370 3166; x_wconf 89' lang='lat' dir='ltr'>tum</span> <span class='ocrx_word' id='word_1_248' title='bbox 398 3122 554 3166; x_wconf 83' lang='lat' dir='ltr'>cerneretur</span> <span class='ocrx_word' id='word_1_249' title='bbox 580 3119 637 3184; x_wconf 76' lang='lat' dir='ltr'>ipae</span> <span class='ocrx_word' id='word_1_250' title='bbox 657 3123 712 3167; x_wconf 90' lang='lat' dir='ltr'>tum</span> <span class='ocrx_word' id='word_1_251' title='bbox 731 3123 853 3166; x_wconf 81' lang='lat' dir='ltr'>cerneret</span> <span class='ocrx_word' id='word_1_252' title='bbox 870 3115 1006 3175; x_wconf 74' lang='lat' dir='ltr'>scelestos,</span> <span class='ocrx_word' id='word_1_253' title='bbox 1025 3123 1109 3182; x_wconf 80' lang='lat' dir='ltr'>atque</span> 
     </span>
     <span class='ocr_line' id='line_1_30' title="bbox 34 3184 1110 3256; baseline -0.002 -18"><span class='ocrx_word' id='word_1_254' title='bbox 34 3203 54 3238; x_wconf 69' lang='grc' dir='ltr'>α</span> <span class='ocrx_word' id='word_1_255' title='bbox 74 3187 137 3238; x_wconf 77' lang='lat' dir='ltr'>illoc</span> <span class='ocrx_word' id='word_1_256' title='bbox 158 3187 259 3255; x_wconf 76' lang='lat' dir='ltr'>flagitio</span> <span class='ocrx_word' id='word_1_257' title='bbox 277 3185 436 3256; x_wconf 86' lang='lat' dir='ltr'>prohiberet</span> <span class='ocrx_word' id='word_1_258' title='bbox 460 3215 493 3224; x_wconf 92' lang='lat'>-</span> <span class='ocrx_word' id='word_1_259' title='bbox 513 3187 646 3253; x_wconf 78' lang='lat' dir='ltr'>ingrersus</span> <span class='ocrx_word' id='word_1_260' title='bbox 667 3185 750 3254; x_wconf 79' lang='lat' dir='ltr'>igitur</span> <span class='ocrx_word' id='word_1_261' title='bbox 768 3194 809 3237; x_wconf 83' lang='lat' dir='ltr'>eat</span> <span class='ocrx_word' id='word_1_262' title='bbox 830 3185 869 3238; x_wconf 85' lang='lat' dir='ltr'>ita</span> <span class='ocrx_word' id='word_1_263' title='bbox 890 3184 1030 3238; x_wconf 70' lang='lat' dir='ltr'>eunuchus</span> <span class='ocrx_word' id='word_1_264' title='bbox 1048 3201 1110 3236; x_wconf 89' lang='lat' dir='ltr'>cum</span> 
     </span>
     <span class='ocr_line' id='line_1_31' title="bbox 34 3255 1110 3329; baseline 0 -21"><span class='ocrx_word' id='word_1_265' title='bbox 34 3275 89 3329; x_wconf 79' lang='lat' dir='ltr'>quo</span> <span class='ocrx_word' id='word_1_266' title='bbox 108 3273 248 3326; x_wconf 75' lang='lat' dir='ltr'>generoso,</span> <span class='ocrx_word' id='word_1_267' title='bbox 270 3266 307 3319; x_wconf 84' lang='lat' dir='ltr'>et,</span> <span class='ocrx_word' id='word_1_268' title='bbox 325 3260 427 3309; x_wconf 86' lang='lat' dir='ltr'>clavam</span> <span class='ocrx_word' id='word_1_269' title='bbox 449 3255 563 3308; x_wconf 76' lang='lat' dir='ltr'>terream</span> <span class='ocrx_word' id='word_1_270' title='bbox 584 3275 663 3309; x_wconf 85' lang='lat' dir='ltr'>manu</span> <span class='ocrx_word' id='word_1_271' title='bbox 683 3265 829 3328; x_wconf 82' lang='lat' dir='ltr'>torqueor,</span> <span class='ocrx_word' id='word_1_272' title='bbox 856 3255 964 3308; x_wconf 76' lang='lat' dir='ltr'>adiutus</span> <span class='ocrx_word' id='word_1_273' title='bbox 993 3256 1110 3308; x_wconf 82' lang='lat' dir='ltr'>etiama</span> 
     </span>
     <span class='ocr_line' id='line_1_32' title="bbox 36 3325 1109 3398; baseline -0.005 -16"><span class='ocrx_word' id='word_1_274' title='bbox 36 3329 173 3382; x_wconf 77' lang='lat' dir='ltr'>omentieis</span> <span class='ocrx_word' id='word_1_275' title='bbox 213 3329 485 3397; x_wconf 72' lang='lat' dir='ltr'>comitantibuo„qui</span> <span class='ocrx_word' id='word_1_276' title='bbox 512 3336 540 3388; x_wconf 81' lang='lat' dir='ltr'>et</span> <span class='ocrx_word' id='word_1_277' title='bbox 569 3329 621 3398; x_wconf 83' lang='lat' dir='ltr'>ipri</span> <span class='ocrx_word' id='word_1_278' title='bbox 645 3345 725 3380; x_wconf 89' lang='lat' dir='ltr'>manu</span> <span class='ocrx_word' id='word_1_279' title='bbox 752 3329 869 3398; x_wconf 86' lang='lat' dir='ltr'>prompti</span> <span class='ocrx_word' id='word_1_280' title='bbox 899 3335 995 3388; x_wconf 88' lang='lat' dir='ltr'>erant,</span> <span class='ocrx_word' id='word_1_281' title='bbox 1014 3325 1109 3378; x_wconf 76' lang='lat' dir='ltr'>caeder</span> 
     </span>
     <span class='ocr_line' id='line_1_33' title="bbox 34 3397 1111 3470; baseline -0.002 -18"><span class='ocrx_word' id='word_1_282' title='bbox 34 3401 115 3452; x_wconf 77' lang='lat' dir='ltr'>tultae</span> <span class='ocrx_word' id='word_1_283' title='bbox 142 3409 170 3452; x_wconf 89' lang='lat' dir='ltr'>et</span> <span class='ocrx_word' id='word_1_284' title='bbox 187 3401 304 3452; x_wconf 79' lang='lat' dir='ltr'>virorum</span> <span class='ocrx_word' id='word_1_285' title='bbox 331 3399 529 3470; x_wconf 79' lang='lat' dir='ltr'>mulierumque</span> <span class='ocrx_word' id='word_1_286' title='bbox 550 3401 728 3469; x_wconf 73' lang='lat' dir='ltr'>spoliationes</span> <span class='ocrx_word' id='word_1_287' title='bbox 755 3398 912 3469; x_wconf 84' lang='lat' dir='ltr'>impedivit,</span> <span class='ocrx_word' id='word_1_288' title='bbox 943 3415 1013 3468; x_wconf 86' lang='lat' dir='ltr'>quae</span> <span class='ocrx_word' id='word_1_289' title='bbox 1031 3397 1111 3450; x_wconf 81' lang='lat' dir='ltr'>aliter</span> 
     </span>
     <span class='ocr_line' id='line_1_34' title="bbox 34 3468 1111 3544; baseline -0.004 -20"><span class='ocrx_word' id='word_1_290' title='bbox 34 3471 147 3542; x_wconf 79' lang='lat' dir='ltr'>opediri</span> <span class='ocrx_word' id='word_1_291' title='bbox 165 3489 221 3524; x_wconf 87' lang='lat' dir='ltr'>non</span> <span class='ocrx_word' id='word_1_292' title='bbox 238 3479 373 3544; x_wconf 83' lang='lat' dir='ltr'>poterant,</span> <span class='ocrx_word' id='word_1_293' title='bbox 394 3479 422 3522; x_wconf 88' lang='lat' dir='ltr'>et</span> <span class='ocrx_word' id='word_1_294' title='bbox 440 3487 514 3522; x_wconf 76' lang='lat' dir='ltr'>sacro</span> <span class='ocrx_word' id='word_1_295' title='bbox 533 3472 656 3540; x_wconf 74' lang='lat' dir='ltr'>sepulcro</span> <span class='ocrx_word' id='word_1_296' title='bbox 681 3472 841 3523; x_wconf 76' lang='lat' dir='ltr'>insidianter</span> <span class='ocrx_word' id='word_1_297' title='bbox 859 3469 958 3538; x_wconf 79' lang='lat' dir='ltr'>abegit,</span> <span class='ocrx_word' id='word_1_298' title='bbox 978 3468 1111 3541; x_wconf 82' lang='lat' dir='ltr'>quemad-</span> 
     </span>
     <span class='ocr_line' id='line_1_35' title="bbox 34 3540 1110 3612; baseline -0.003 -17"><span class='ocrx_word' id='word_1_299' title='bbox 34 3541 126 3596; x_wconf 81' lang='lat' dir='ltr'>todum</span> <span class='ocrx_word' id='word_1_300' title='bbox 154 3543 218 3612; x_wconf 79' lang='lat' dir='ltr'>ipsit</span> <span class='ocrx_word' id='word_1_301' title='bbox 252 3543 363 3595; x_wconf 86' lang='lat' dir='ltr'>minime</span> <span class='ocrx_word' id='word_1_302' title='bbox 394 3542 530 3611; x_wconf 80' lang='lat' dir='ltr'>placeret,</span> <span class='ocrx_word' id='word_1_303' title='bbox 558 3542 673 3594; x_wconf 82' lang='lat' dir='ltr'>lucratus</span> <span class='ocrx_word' id='word_1_304' title='bbox 701 3551 806 3594; x_wconf 86' lang='lat' dir='ltr'>tantum</span> <span class='ocrx_word' id='word_1_305' title='bbox 828 3542 947 3612; x_wconf 78' lang='lat' dir='ltr'>(infinita</span> <span class='ocrx_word' id='word_1_306' title='bbox 974 3558 1038 3592; x_wconf 81' lang='lat' dir='ltr'>eane</span> <span class='ocrx_word' id='word_1_307' title='bbox 1061 3540 1110 3592; x_wconf 89' lang='lat' dir='ltr'>illa</span> 
     </span>
     <span class='ocr_line' id='line_1_36' title="bbox 33 3609 1110 3686; baseline -0.002 -20"><span class='ocrx_word' id='word_1_308' title='bbox 33 3617 117 3682; x_wconf 85' lang='lat' dir='ltr'>rant),</span> <span class='ocrx_word' id='word_1_309' title='bbox 136 3631 207 3686; x_wconf 86' lang='lat' dir='ltr'>quae</span> <span class='ocrx_word' id='word_1_310' title='bbox 228 3623 292 3666; x_wconf 84' lang='lat' dir='ltr'>ante</span> <span class='ocrx_word' id='word_1_311' title='bbox 310 3613 455 3667; x_wconf 84' lang='lat' dir='ltr'>adventum</span> <span class='ocrx_word' id='word_1_312' title='bbox 476 3613 533 3663; x_wconf 87' lang='lat' dir='ltr'>elue</span> <span class='ocrx_word' id='word_1_313' title='bbox 552 3612 735 3665; x_wconf 80' lang='lat' dir='ltr'>‹lutroxerant</span> <span class='ocrx_word' id='word_1_314' title='bbox 773 3615 866 3682; x_wconf 85' lang='lat' dir='ltr'>itaque</span> <span class='ocrx_word' id='word_1_315' title='bbox 884 3613 981 3664; x_wconf 73' lang='lat' dir='ltr'>caeder</span> <span class='ocrx_word' id='word_1_316' title='bbox 1000 3609 1110 3682; x_wconf 88' lang='lat' dir='ltr'>quidem</span> 
     </span>
     <span class='ocr_line' id='line_1_37' title="bbox 34 3684 1110 3754; baseline -0.004 -18"><span class='ocrx_word' id='word_1_317' title='bbox 34 3688 53 3738; x_wconf 77' lang='lat' dir='ltr'>&gt;i</span> <span class='ocrx_word' id='word_1_318' title='bbox 75 3685 131 3736; x_wconf 83' lang='lat' dir='ltr'>dux</span> <span class='ocrx_word' id='word_1_319' title='bbox 152 3686 201 3737; x_wconf 85' lang='lat' dir='ltr'>ille</span> <span class='ocrx_word' id='word_1_320' title='bbox 219 3686 341 3748; x_wconf 70' lang='lat' dir='ltr'>sistebat,</span> <span class='ocrx_word' id='word_1_321' title='bbox 358 3685 406 3735; x_wconf 79' lang='lat' dir='ltr'>red</span> <span class='ocrx_word' id='word_1_322' title='bbox 433 3685 511 3736; x_wconf 76' lang='lat' dir='ltr'>elisio</span> <span class='ocrx_word' id='word_1_323' title='bbox 530 3684 688 3750; x_wconf 81' lang='lat' dir='ltr'>fugientium</span> <span class='ocrx_word' id='word_1_324' title='bbox 707 3685 764 3736; x_wconf 79' lang='lat' dir='ltr'>oleti</span> <span class='ocrx_word' id='word_1_325' title='bbox 785 3685 933 3754; x_wconf 86' lang='lat' dir='ltr'>intemplo</span> <span class='ocrx_word' id='word_1_326' title='bbox 951 3700 1007 3735; x_wconf 90' lang='lat' dir='ltr'>oon</span> <span class='ocrx_word' id='word_1_327' title='bbox 1027 3691 1110 3752; x_wconf 87' lang='lat' dir='ltr'>pote-</span> 
     </span>
     <span class='ocr_line' id='line_1_38' title="bbox 34 3751 1109 3825; baseline -0.004 -17"><span class='ocrx_word' id='word_1_328' title='bbox 34 3765 67 3820; x_wconf 81' lang='lat' dir='ltr'>rt,</span> <span class='ocrx_word' id='word_1_329' title='bbox 86 3772 179 3809; x_wconf 79' lang='lat' dir='ltr'>verum</span> <span class='ocrx_word' id='word_1_330' title='bbox 201 3758 271 3809; x_wconf 80' lang='lat' dir='ltr'>elcut</span> <span class='ocrx_word' id='word_1_331' title='bbox 286 3758 314 3808; x_wconf 87' lang='lat' dir='ltr'>in</span> <span class='ocrx_word' id='word_1_332' title='bbox 333 3755 576 3825; x_wconf 74' lang='lat' dir='ltr'>reliquiaeccleaiis</span> <span class='ocrx_word' id='word_1_333' title='bbox 594 3755 719 3824; x_wconf 84' lang='lat' dir='ltr'>publicis,</span> <span class='ocrx_word' id='word_1_334' title='bbox 737 3757 775 3807; x_wconf 87' lang='lat' dir='ltr'>ita</span> <span class='ocrx_word' id='word_1_335' title='bbox 794 3755 822 3806; x_wconf 89' lang='lat' dir='ltr'>in</span> <span class='ocrx_word' id='word_1_336' title='bbox 840 3755 889 3806; x_wconf 83' lang='lat' dir='ltr'>illa</span> <span class='ocrx_word' id='word_1_337' title='bbox 907 3771 1018 3824; x_wconf 84' lang='lat' dir='ltr'>quoque</span> <span class='ocrx_word' id='word_1_338' title='bbox 1037 3751 1109 3804; x_wconf 86' lang='lat' dir='ltr'>haud</span> 
     </span>
     <span class='ocr_line' id='line_1_39' title="bbox 34 3825 1111 3897; baseline -0.004 -16"><span class='ocrx_word' id='word_1_339' title='bbox 34 3831 114 3896; x_wconf 75' lang='lat' dir='ltr'>rigua</span> <span class='ocrx_word' id='word_1_340' title='bbox 134 3828 274 3881; x_wconf 88' lang='lat' dir='ltr'>hominum</span> <span class='ocrx_word' id='word_1_341' title='bbox 293 3845 355 3897; x_wconf 80' lang='lat' dir='ltr'>pera</span> <span class='ocrx_word' id='word_1_342' title='bbox 377 3830 507 3879; x_wconf 73' lang='lat' dir='ltr'>suffocata</span> <span class='ocrx_word' id='word_1_343' title='bbox 530 3834 578 3888; x_wconf 80' lang='lat' dir='ltr'>eat,</span> <span class='ocrx_word' id='word_1_344' title='bbox 597 3843 710 3896; x_wconf 90' lang='lat' dir='ltr'>quorum</span> <span class='ocrx_word' id='word_1_345' title='bbox 729 3825 839 3896; x_wconf 86' lang='lat' dir='ltr'>quidem</span> <span class='ocrx_word' id='word_1_346' title='bbox 859 3841 986 3878; x_wconf 81' lang='lat' dir='ltr'>numerus</span> <span class='ocrx_word' id='word_1_347' title='bbox 1005 3833 1111 3893; x_wconf 73' lang='lat' dir='ltr'>pareat</span> 
     </span>
     <span class='ocr_line' id='line_1_40' title="bbox 34 3895 1109 3971; baseline -0.005 -20"><span class='ocrx_word' id='word_1_348' title='bbox 34 3909 131 3952; x_wconf 69' lang='lat' dir='ltr'>&gt;nasae</span> <span class='ocrx_word' id='word_1_349' title='bbox 153 3901 195 3963; x_wconf 79' lang='lat' dir='ltr'>iia,</span> <span class='ocrx_word' id='word_1_350' title='bbox 213 3900 259 3971; x_wconf 90' lang='lat' dir='ltr'>qui</span> <span class='ocrx_word' id='word_1_351' title='bbox 278 3899 306 3950; x_wconf 89' lang='lat' dir='ltr'>in</span> <span class='ocrx_word' id='word_1_352' title='bbox 324 3915 385 3950; x_wconf 88' lang='lat' dir='ltr'>arce</span> <span class='ocrx_word' id='word_1_353' title='bbox 404 3899 462 3950; x_wconf 82' lang='lat' dir='ltr'>elisi</span> <span class='ocrx_word' id='word_1_354' title='bbox 482 3905 553 3959; x_wconf 80' lang='lat' dir='ltr'>suot,</span> <span class='ocrx_word' id='word_1_355' title='bbox 577 3896 611 3948; x_wconf 87' lang='lat' dir='ltr'>de</span> <span class='ocrx_word' id='word_1_356' title='bbox 629 3898 728 3969; x_wconf 76' lang='lat' dir='ltr'>quibus</span> <span class='ocrx_word' id='word_1_357' title='bbox 746 3899 774 3949; x_wconf 89' lang='lat' dir='ltr'>in</span> <span class='ocrx_word' id='word_1_358' title='bbox 793 3897 929 3968; x_wconf 86' lang='lat' dir='ltr'>principio</span> <span class='ocrx_word' id='word_1_359' title='bbox 948 3895 1027 3948; x_wconf 82' lang='lat' dir='ltr'>huius</span> <span class='ocrx_word' id='word_1_360' title='bbox 1046 3895 1109 3946; x_wconf 87' lang='lat' dir='ltr'>libri</span> 
     </span>
     <span class='ocr_line' id='line_1_41' title="bbox 34 3974 193 4024; baseline -0.025 0"><span class='ocrx_word' id='word_1_361' title='bbox 34 3974 122 4024; x_wconf 88' lang='lat' dir='ltr'>ictum</span> <span class='ocrx_word' id='word_1_362' title='bbox 143 3979 193 4022; x_wconf 79' lang='lat' dir='ltr'>eet.</span> 
     </span>
    </p>

    <p class='ocr_par' dir='ltr' id='par_1_7' title="bbox 33 4037 1110 4254">
     <span class='ocr_line' id='line_1_42' title="bbox 86 4037 1110 4112; baseline -0.005 -20"><span class='ocrx_word' id='word_1_363' title='bbox 86 4041 162 4112; x_wconf 88' lang='lat' dir='ltr'>Quid</span> <span class='ocrx_word' id='word_1_364' title='bbox 189 4041 252 4094; x_wconf 82' lang='lat' dir='ltr'>illoe</span> <span class='ocrx_word' id='word_1_365' title='bbox 277 4053 498 4102; x_wconf 86' lang='lat' dir='ltr'>commemorem,</span> <span class='ocrx_word' id='word_1_366' title='bbox 517 4040 565 4108; x_wconf 89' lang='lat' dir='ltr'>qui</span> <span class='ocrx_word' id='word_1_367' title='bbox 584 4037 700 4107; x_wconf 78' lang='lat' dir='ltr'>deerrper</span> <span class='ocrx_word' id='word_1_368' title='bbox 715 4037 749 4090; x_wconf 90' lang='lat' dir='ltr'>de</span> <span class='ocrx_word' id='word_1_369' title='bbox 775 4039 855 4091; x_wconf 79' lang='lat' dir='ltr'>tectis</span> <span class='ocrx_word' id='word_1_370' title='bbox 873 4038 979 4089; x_wconf 81' lang='lat' dir='ltr'>aedium</span> <span class='ocrx_word' id='word_1_371' title='bbox 1001 4038 1028 4087; x_wconf 86' lang='lat' dir='ltr'>irr</span> <span class='ocrx_word' id='word_1_372' title='bbox 1047 4054 1110 4106; x_wconf 81' lang='lat' dir='ltr'>por·</span> 
     </span>
     <span class='ocr_line' id='line_1_43' title="bbox 33 4107 1108 4180; baseline -0.009 -13"><span class='ocrx_word' id='word_1_373' title='bbox 33 4114 115 4167; x_wconf 89' lang='lat' dir='ltr'>ieiem</span> <span class='ocrx_word' id='word_1_374' title='bbox 137 4129 166 4164; x_wconf 82' lang='lat' dir='ltr'>ee</span> <span class='ocrx_word' id='word_1_375' title='bbox 195 4109 346 4172; x_wconf 81' lang='lat' dir='ltr'>dederunt,</span> <span class='ocrx_word' id='word_1_376' title='bbox 368 4111 521 4161; x_wconf 80' lang='lat' dir='ltr'>calamitate</span> <span class='ocrx_word' id='word_1_377' title='bbox 554 4111 657 4180; x_wconf 86' lang='lat' dir='ltr'>quippe</span> <span class='ocrx_word' id='word_1_378' title='bbox 686 4111 795 4160; x_wconf 84' lang='lat' dir='ltr'>immani</span> <span class='ocrx_word' id='word_1_379' title='bbox 824 4107 1018 4162; x_wconf 79' lang='lat' dir='ltr'>circumventi?</span> <span class='ocrx_word' id='word_1_380' title='bbox 1061 4108 1108 4177; x_wconf 84' lang='lat' dir='ltr'>qui</span> 
     </span>
     <span class='ocr_line' id='line_1_44' title="bbox 34 4180 1110 4254; baseline -0.007 -15"><span class='ocrx_word' id='word_1_381' title='bbox 34 4203 99 4239; x_wconf 89' lang='lat' dir='ltr'>uum</span> <span class='ocrx_word' id='word_1_382' title='bbox 126 4201 173 4254; x_wconf 86' lang='lat' dir='ltr'>per</span> <span class='ocrx_word' id='word_1_383' title='bbox 203 4199 291 4235; x_wconf 81' lang='lat' dir='ltr'>aerem</span> <span class='ocrx_word' id='word_1_384' title='bbox 313 4180 421 4246; x_wconf 72' lang='lat' dir='ltr'>volare,</span> <span class='ocrx_word' id='word_1_385' title='bbox 447 4190 474 4232; x_wconf 87' lang='lat' dir='ltr'>ut</span> <span class='ocrx_word' id='word_1_386' title='bbox 501 4181 660 4252; x_wconf 76' lang='lat' dir='ltr'>cupiebant,</span> <span class='ocrx_word' id='word_1_387' title='bbox 680 4197 734 4234; x_wconf 87' lang='lat' dir='ltr'>non</span> <span class='ocrx_word' id='word_1_388' title='bbox 756 4190 878 4252; x_wconf 72' lang='lat' dir='ltr'>putrent,</span> <span class='ocrx_word' id='word_1_389' title='bbox 898 4198 946 4252; x_wconf 88' lang='lat' dir='ltr'>pro</span> <span class='ocrx_word' id='word_1_390' title='bbox 969 4195 1110 4249; x_wconf 84' lang='lat' dir='ltr'>corporum</span> 
     </span>
    </p>
   </div>
   <div class='ocr_carea' id='block_1_6' title="bbox 0 0 1419 4874">
    <p class='ocr_par' dir='ltr' id='par_1_8' title="bbox 0 0 1419 4874">
     <span class='ocr_line' id='line_1_45' title="bbox 0 0 1419 4874; baseline 0 0"><span class='ocrx_word' id='word_1_391' title='bbox 0 0 1419 4874; x_wconf 95' lang='lat' dir='ltr'> </span> 
     </span>
    </p>
   </div>
  </div>
 </body>
</html>
