2828 4874
197 301 251 361 nu
269 293 622 360 rumsttourcaa
637 287 799 358 munis
820 295 963 358 carra.
1052 287 1125 364 aaa

34 447 100 509 suiv
115 447 249 527 χειλέων
283 443 419 528 αἰιερδὴς
447 449 485 508 έιι
502 449 562 510 τοῦ
589 431 791 530 μυροβλιίτσυ
814 444 1017 528 οἷπεκβιιίνειν
1036 451 1073 514 rai
1096 475 1127 515 τε

34 546 83 620 είς
103 545 224 632 τροφὴν
244 541 300 610 ταί
318 545 411 609 lornei
435 537 470 609 δέ
489 567 571 609 τινα.

123 643 194 710 Καί
212 645 386 726 ταῦταμέν
400 643 477 729 ἡμῖν
497 643 747 726 παρεκβεβιίσθοο
767 649 958 728 συμμέτρως
980 648 1036 710 καί
1055 647 1131 710 ου’δέ

35 739 122 808 πάνυ
152 741 214 821 ἔξω
243 746 302 807 τοῦ
335 747 480 819 δέοντος·
532 742 562 809 ui
584 747 619 807 δὲ
649 739 807 827 βάρβαροι
836 745 1055 828 πληρώσαντες
1074 743 1130 829 τὴν

7 841 129 912 sutilia
149 838 242 930 ὅλην,
273 847 308 922 έξ
332 845 440 909 atrata
469 847 532 912 raia
555 840 640 933 ἑῴαν
661 847 769 908 πυλῶν
791 843 970 928 ἀρξάμενοι,
987 848 1132 928 ἐθέριζον

34 940 115 1018 τούς
144 947 216 1006 καθ’
238 943 337 1029 ἧμιῖς,
357 947 412 1008 καί
445 943 550 1029 συχνοὶ
574 948 675 1008 ταῦτα
704 944 871 1028 δράγματα
892 943 1050 1026 ῥίπτοντες
1070 969 1132 1009 σω-

36 1043 117 1126 ρσύς
138 1043 338 1124 ε’στοίβαζον,
360 1045 393 1122 ἐξ
415 1036 460 1108 ὧν
473 1042 584 1129 ’Ἅιδης
604 1050 695 1128 φιλεῖ
710 1044 901 1124 σιτούμενος.
945 1045 1001 1108 καί
1021 1041 1050 1108 ai
1072 1047 1133 1125 μέν

34 1141 92 1205 έπί
118 1145 181 1206 τῶν
211 1140 367 1228 ἀμφάδιον
397 1141 565 1228 φεύγοντες
587 1141 716 1208 ἔπιπτον
743 1146 820 1227 περί
840 1141 960 1230 αυ’τα’ς,
987 1145 1043 1208 καί
1063 1139 1132 1224 ἅμα

33 1243 232 1324 έχυμνοῦντο
261 1244 504 1323 σκυλευόμενοι·
560 1245 616 1306 καί
647 1237 749 1316 oritura
770 1237 804 1305 ni
823 1243 935 1324 α’γυιαί
954 1245 1000 1319 εἰς
1021 1243 1129 1327 οἰκτρὰ

6 1341 257 1421 οέσχτδιάζοντο
279 1340 487 1422 πολυάνδρια,
512 1342 601 1425 ἡλίου
622 1345 802 1426 ἐφορῶντος
817 1339 845 1404 ri
865 1341 908 1424 μή
934 1340 1075 1424 ἔπρεπεν.
1102 1339 1131 1406 ai

33 1441 72 1504 δὲ
99 1442 133 1503 ἐν
155 1449 226 1515 ταῖς
249 1443 362 1516 οἰκίαις
382 1445 559 1526 παρέμενον
583 1443 696 1517 ου’ταΐς
715 1446 760 1518 είς
782 1443 1021 1520 α’διεξόδευτον·
1078 1443 1134 1506 καί

33 1539 96 1602 οδε
119 1533 158 1622 ἦν
176 1539 327 1622 εὑρέσθαι
351 1545 452 1607 οίιιιάν
475 1542 513 1626 ἢν
536 1545 629 1606 alania
651 1537 819 1624 ἅνθρωπος
851 1541 985 1628 ἠλεήθη,
1002 1541 1082 1627 πλὴν
1103 1545 1133 1608 εί

30 1637 79 1722 μή
107 1633 172 1723 ἄρα
193 1643 314 1722 πλῆθος
334 1635 418 1724 εἶχεν
440 1643 457 1705 ὁ
478 1636 568 1717 σίκυς.
611 1645 732 1706 ἐκείνου
752 1642 812 1724 μοὶρ
833 1640 863 1705 ni
881 1648 940 1722 μέν
959 1667 1041 1718 τινες
1060 1639 1133 1706 έπι-

32 1761 115 1804 πτον
136 1736 218 1820 ἔσω,
251 1733 298 1815 οἷς
324 1741 378 1803 καί
399 1736 480 1825 ἦσαν
501 1740 535 1806 αἱ
558 1745 653 1806 οίιιίαι
687 1741 792 1805 αὐτῶν
813 1739 909 1826 τοὶφοι
931 1742 1047 1825 atras,
1072 1768 1133 1805 πα-

6 1841 185 1922 5ραθεῖνιιι
210 1838 245 1902 εδ
270 1839 488 1921 ψαλλόμενσν·
538 1839 567 1905 οἱ
590 1843 625 1906 δέ
659 1844 879 1922 διαχυθέντος
904 1844 949 1916 τίς
972 1841 1077 1926 φυγήν
1095 1847 1132 1929 τῇ

30 1942 94 2003 τοῦ
117 1937 255 2019 πολέμου
277 1937 359 2027 τύχῃ
374 1938 563 2006 έπεδίδοντο.
607 1940 663 2006 καί
676 1947 752 2018 τέως
768 1943 826 2022 μὲν
847 1938 948 2004 οἷπλοῑ
962 1938 1079 2005 ἔκειντο
1102 1939 1131 2004 οἱ

26 2033 240 2122 ῥιπτόμενοι·
282 2039 398 2124 μιιιρόν
432 2043 467 2105 δέ
488 2034 563 2104 ὅσον
583 2045 645 2105 τῶν
677 2042 835 2121 πολεμίων
864 2036 1045 2126 ῥαισιίντων
1076 2043 1131 2122 τῆς

33 2131 118 2220 ἄγαν
150 2139 346 2222 ε’ντρεχείας,
375 2137 430 2202 καί
448 2137 689 2218 διιοπαιζόνταν
722 2138 903 2223 πικρότερον
926 2139 1004 2204 κατὰ
1026 2143 1132 2222 γαίας,

33 2233 118 2318 ὃδὴ
141 2238 273 2323 λέγεται,
302 2239 429 2322 ιιιυφῆς,
465 2243 520 2302 καί
539 2235 661 2321 ἑτεροῖα
696 2249 864 2323 νεκριμαῖα
888 2240 1055 2319 ἐπέκειντο,
1077 2243 1133 2302 καί

5 2333 52 2404 nt
75 2341 133 2416 μέν
155 2361 204 2410 τις
225 2335 333 2420 νειιρὸς
356 2333 525 2420 ἄνθρωπος
552 2332 615 2426 ὄνῳ
637 2343 768 2426 κειμένῳ
790 2336 1007 2422 onustantur,
1027 2343 1131 2420 ἕτερος

40 2437 76 2498 δὲ
97 2434 173 2500 τίνα
197 2432 262 2520 εἶχε
284 2436 588 2522 συμπαρακειμενον.
642 2439 696 2503 καί
714 2435 833 2502 τούτων
855 2439 895 2502 τοὶ
918 2441 1016 2501 πλείω
1036 2462 1132 2503 κατα·

36 2540 233 2618 πεπαιγμένα
254 2531 336 2621 ἦσαν
360 2533 404 2610 οἷς
425 2539 471 2612 είς
493 2536 639 2602 διάθεσιν
669 2541 852 2620 συμπλοκῆς
873 2537 927 2602 καί
947 2537 1133 2624 φιλήματος.

33 2628 129 2712 ἄλλος
150 2635 230 2717 ὁμοῦ
261 2629 301 2721 ἢν
321 2637 460 2725 ιιίλσιίριρ
489 2641 680 2726 κατοικιδιλμ.
734 2639 809 2702 ου’δὲ
838 2636 989 2703 τοιούτων
1011 2638 1072 2722 γὰρ
1096 2638 1130 2703 τὸ

30 2921 126 2972 dinem
158 2919 255 2986 ingrati
273 2919 376 2976 animi,
394 2926 424 2969 ut
443 2917 533 2970 dicere
556 2918 663 2979 audeat,
683 2919 791 2970 inanem
810 2935 838 2970 ee
862 2917 896 2968 ab
918 2933 951 2968 eo
969 2925 1063 2968 sancto
1089 2917 1131 2967 di-

30 2991 148 3045 saedere
165 2990 220 3042 sive
239 2989 339 3042 rictum
366 2990 423 3040 sire
441 3005 481 3040 res
503 2990 570 3039 alias
592 2991 732 3057 rogaverit.

108 3061 181 3112 llaec
197 3063 236 3112 ita
263 3060 375 3112 anobis
401 3059 525 3111 modeste
546 3060 669 3129 prolecto
699 3076 751 3110 nea
768 3067 875 3128 praeter
898 3074 952 3109 rem
970 3057 1131 3126 interposita

30 3141 128 3186 sunto.
165 3130 272 3184 barbari
291 3139 382 3183 autern
403 3138 488 3182 totam
509 3129 602 3180 urbem
622 3130 784 3199 implebant,
804 3147 818 3180 a
840 3137 917 3200 porta
938 3128 1065 3180 orientali
1084 3145 1131 3180 ex·

31 3206 100 3266 orsi,
119 3203 313 3272 metebantque
332 3201 414 3264 cirea,
430 3208 458 3251 et
476 3217 583 3252 acervos
609 3199 783 3253 cumulabant
801 3201 902 3252 crebris
921 3199 1052 3250 iaciendis
1073 3217 1132 3250 ma-

30 3275 157 3345 nipulis,
185 3273 285 3344 quibus
309 3274 394 3324 Oreus
423 3273 522 3341 repleri
549 3273 632 3340 cupit.
680 3273 728 3342 qui
756 3287 806 3340 per
828 3274 899 3324 ricae
918 3271 1067 3338 fugiebant,
1086 3287 1132 3323 oc·

31 3346 199 3399 cidebantur
217 3345 246 3396 in
265 3343 307 3407 iis,
326 3344 463 3412 simulque
484 3343 594 3414 spoliati
612 3341 679 3394 nudi
705 3343 838 3406 iacebant,
861 3351 891 3394 ut
907 3342 969 3393 viae
988 3339 1078 3392 subito
1101 3343 1130 3393 in

32 3419 127 3472 tristia
149 3415 289 3467 hominum
314 3415 420 3468 comitia
439 3423 617 3477 mutarentur,
637 3413 804 3483 adspiciente
824 3414 898 3475 sale,
916 3429 986 3482 quae
1005 3429 1061 3464 non
1080 3410 1131 3463 de-

32 3489 146 3554 buerat,
162 3487 208 3557 qui
225 3495 317 3540 autem
336 3486 364 3538 in
382 3483 496 3537 aedibus
516 3493 602 3548 erant,
620 3485 800 3537 remanebant
818 3485 847 3536 in
861 3485 895 3534 iis
908 3485 971 3550 luga
989 3484 1130 3552 praeclusi,

33 3578 87 3614 nec
106 3567 165 3610 erat
182 3557 287 3622 domus,
307 3559 383 3608 cuius
401 3556 509 3608 incolae
526 3565 688 3626 parceretur,
708 3558 759 3607 nisi
780 3572 905 3622 magnum
923 3569 1051 3606 uumerus
1071 3571 1130 3606 eam

36 3639 152 3684 teneret.
200 3630 247 3680 alii
277 3631 350 3681 eninr
373 3629 444 3679 intra
473 3627 590 3696 parietes
616 3627 761 3696 peribant,
782 3627 882 3696 quibua
903 3625 1013 3696 quidem
1035 3625 1132 3677 dumus

34 3721 86 3774 pro
107 3700 232 3770 sepulcro
254 3709 319 3763 erat,
339 3707 368 3750 ut
385 3699 474 3751 verbis
494 3699 647 3770 psalmistae
673 3706 749 3764 utar;
769 3697 826 3761 alil,
848 3695 981 3768 quiteria
1005 3696 1067 3765 luga
1087 3713 1132 3748 sa·

36 3775 122 3826 lutem
150 3769 338 3842 quaerebant,
357 3769 483 3822 fortunae
515 3769 581 3821 belli
604 3767 747 3820 dabantur.
793 3777 821 3820 et
835 3765 1002 3837 aliquamdiu
1021 3766 1131 3837 quidem

36 3845 162 3898 homines
182 3842 263 3894 occisi
281 3841 380 3910 passim
399 3841 541 3906 iacebant;
566 3839 614 3891 sed
632 3856 709 3902 mox,
728 3857 810 3909 quum
828 3838 919 3891 hostes
945 3837 979 3890 ab
998 3839 1132 3890 incursio-

35 3917 79 3970 nis
100 3915 204 3984 impetu
226 3913 406 3974 remisissent,
427 3921 455 3964 et
473 3911 635 3964 insolentius
660 3919 763 3972 terrae,
780 3917 811 3962 ut
828 3911 913 3972 aiunt,
931 3917 1021 3960 mutae
1045 3909 1133 3960 insul-

36 3995 147 4050 tarent,
175 3993 232 4037 tuua
251 3983 356 4053 reliqua
376 3984 487 4034 mortuis
504 3981 632 4034 cadavera
661 3979 872 4044 inliciebantur',
892 3979 1030 4030 taurellus
1050 3977 1131 4030 horno

35 4058 141 4112 occisus
160 4074 221 4107 cum
240 4055 370 4106 cadavere
387 4054 455 4104 asini
470 4053 660 4123 copulabatur,
678 4052 747 4102 alius
766 4068 859 4104 canens
874 4053 975 4102 socium
996 4047 1131 4101 babebat:

35 4141 63 4184 et
82 4146 115 4181 ea
138 4125 249 4198 quidem
273 4125 403 4195 pleraque
423 4142 470 4193 per
487 4123 636 4176 ludibrium
656 4124 733 4192 quasi
751 4121 785 4172 ad
804 4121 959 4192 amplexura
978 4121 1021 4172 vel
1040 4122 1132 4173 ascula

32 4199 187 4271 coraposita
206 4205 299 4250 erant:
322 4195 391 4247 aliua
414 4213 503 4246 rursus
522 4211 580 4247 euru
607 4195 661 4247 sele
682 4193 847 4247 domesticae
875 4208 937 4244 narn
954 4207 989 4246 ne
1008 4191 1049 4244 bis
1069 4192 1132 4262 qui-

1216 401 1223 430 l
