2888 4860
438 301 810 374 cultottoututeutu.
934 358 941 372 ,
1095 305 1166 375 127

96 455 178 542 κιάῆ
207 453 376 538 inunum)
399 450 495 537 ἔλαβι
517 457 619 540 δάι’ρον
637 452 858 542 ἓορτάζεσθαι,
880 457 925 543 μὴ
945 463 1167 544 συναριθμου-

91 559 153 642 μένρ
171 552 323 640 πρότερον
346 561 416 630 ταῖς
436 555 633 631 δεσποτικαῖς
650 555 785 640 ἑορταῖς.

158 659 207 742 Τῷ
238 656 274 720 δὲ
307 653 348 718 ιδ
370 651 434 718 ε”τει
465 657 571 720 ου’τοῦ
588 661 694 738 γέγονε
721 659 778 722 κατ’
803 657 971 744 ἧιπέμπτη
990 656 1166 746 σάνοδοςῆ

7 772 12 826 1:
87 753 150 821 κατά
170 753 326 838 Σευῆρον.
375 756 420 840 τῷ
443 755 480 819 δὲ
499 753 619 843 δεκάτῳ
650 755 754 820 ου’τοῦ
775 753 841 822 ἔτει
868 761 974 840 γέγονε
992 757 1031 824 τά
1054 763 1167 844 noeirs

67 855 211 939 οέγκαίνια
243 859 299 937 τῆς
321 852 466 938 μεγάλης
480 855 654 939 ἐκκλησίας.
701 860 868 941 γενομένης
889 854 925 921 δὲ
945 857 1002 941 τῆς
1022 860 1166 944 πέμπτης

81 954 207 1022 συνόδου
230 953 312 1019 κατά
335 955 480 1036 Σευὴρρν
500 957 558 1020 τοῦ
580 950 742 1041 άκεφάλου
763 957 820 1020 καί
841 959 1017 1040 δυσσεβοῦς
1033 960 1090 1024 καί
1106 981 1165 1022 κα.

1 1075 2 1118 1
78 1053 108 1118 τά
127 1054 310 1140 Ὠριγὲνους
330 1057 363 1117 ἑν
385 1055 733 1135 Κωνστσντινουπόλει,
761 1056 999 1142 Ἀπολλινάριος
1014 1050 1166 1136 Ἀλεξαν-

75 1159 184 1238 δρείας,
205 1151 332 1236 Δόμνος
346 1149 552 1237 Ἀντιοχείας,
574 1151 629 1218 ius*
647 1159 798 1237 Βιγελιόυ
819 1157 910 1224 πάσα
926 1154 1062 1243 Ῥώμης,
1083 1156 1165 1224 κατά

70 1257 245 1341 Ὠριγένους
275 1259 330 1319 καί
355 1257 418 1320 τοῖν
440 1255 542 1319 ου’τοά
562 1250 742 1341 δογμάτων,
768 1257 802 1320 ἕν
824 1251 872 1333 οἷς
903 1256 1085 1341 ἑληριάδουν
1110 1255 1168 1332 τάς

37 1353 178 1438 ιοψυχάς
206 1349 481 1440 προϋπαρχούσας
510 1357 572 1420 τάν
593 1354 761 1438 σωμάτων,
783 1356 840 1440 τάν
859 1379 895 1421 τε
915 1357 1169 1440 μετεμψάχιοσιν

66 1455 253 1535 δοξάζοντες
272 1457 362 1530 τέλος
381 1476 416 1517 τι
445 1454 503 1540 τῆς
525 1453 692 1540 κολάσεως,
725 1455 781 1520 καί
798 1454 839 1522 τά
862 1455 997 1538 σώματα
1018 1457 1108 1539 ἡμῶν
1121 1453 1167 1542 μὴ

64 1557 261 1622 διίστασθαι
282 1555 316 1618 ἐν
338 1557 379 1643 τῇ
398 1553 573 1620 ἀναστάσει
593 1552 634 1620 τά
655 1555 750 1640 αάτά,
768 1558 826 1620 καί
845 1556 985 1641 τὴντῶν
1006 1557 1168 1636 δαιμόνων

61 1659 106 1731 εἰς
128 1655 164 1721 τά
199 1657 338 1738 α’ρχαῖον
366 1653 634 1736 α’ποκατάστασιν,
659 1655 715 1719 καί
742 1652 798 1721 τάν
817 1653 1012 1739 παράδεισον
1031 1656 1167 1741 άλληγο..
1201 1679 1206 1700 ¹

62 1761 204 1840 ρεῖσθαι,
223 1753 269 1838 μὴ
291 1755 483 1838 γεγενῆσθαι
500 1752 582 1836 μήτε
602 1748 685 1819 εἶναι
696 1751 759 1820 άπδ
785 1758 864 1820 θεοῦ
885 1753 1038 1840 αἰσθητὸν
1060 1779 1167 1839 παρα·

25 1859 179 1939 rotrrtros,
199 1857 284 1940 μηδὲ
307 1856 341 1918 riv
360 1850 461 1938 σαρκὶ
477 1857 660 1938 πλασθῆναι
680 1853 737 1919 τὸν
754 1851 869 1935 Ἀδάμ.

150 1953 392 2038 Τελευτησάσης
424 1954 460 2017 tt
481 1952 652 2034 Θεοδάρας
683 1955 738 2037 τῆς
771 1953 872 2016 orituri
890 1950 1038 2034 γυναικὸς
1058 1955 1166 2036 γέγονε

59 2054 100 2120 τά
126 2051 272 2138 ἐνκαίνια
288 2055 352 2117 τάν
375 2051 474 2137 ἁγίων
494 2049 687 2116 αἰιοστάλων.
729 2042 833 2138 ἐφόά
853 2052 911 2115 καί
923 2050 1094 2116 θανατικὸν
1114 2055 1165 2134 γέ.

58 2177 152 2239 γονεν
172 2159 208 2220 ὲν
229 2150 575 2230 Κωνσταντινουιιὸλει,
596 2146 676 2217 ὥστε
695 2155 802 2232 μένειν
823 2150 969 2236 α’τάφους
989 2147 1064 2225 τούς
1083 2149 1164 2214 άπο.

63 2254 258 2338 θνήσκοντας
279 2252 333 2317 διά
355 2250 390 2317 τά
414 2248 460 2336 μή
480 2249 623 2336 ἐξαρκεῖν
650 2249 725 2326 τοάς
744 2247 945 2334 κραββάτους
970 2255 1034 2314 τοῖν
1054 2253 1164 2337 ἐκκλη·

23 2353 150 2418 noras
168 2355 219 2417 καί
233 2355 299 2418 τῶν
310 2354 431 2433 ἐναγῶν
446 2349 539 2416 οἴκων
553 2353 699 2436 ἐκφέρειν
712 2349 849 2428 αάτοάς·
872 2356 929 2415 τοῦ
951 2352 987 2414 δὲ
1006 2352 1164 2431 βασιλέως

65 2451 264 2536 ιραββάτους
278 2450 468 2535 ποιήσαντος
485 2453 619 2535 χιλίους,
638 2452 709 2514 ἐπεὶ
726 2449 771 2533 μή
794 2445 946 2534 ἐξήρκουν
963 2452 1046 2533 μηδὲ
1061 2440 1163 2529 οὗτοι,

61 2552 186 2633 ἀμάξας
208 2554 378 2636 προσέταξε
394 2553 543 2624 πλείστας
558 2552 809 2634 εάτρεπισθῆναι
822 2547 877 2612 καί
889 2541 989 2632 άλογα
1011 2548 1067 2614 καί
1086 2546 1163 2624 τοάς
1187 2557 1191 2564 “

58 2653 241 2728 τεθνεῶτας
274 2651 309 2715 ἐν
328 2653 437 2726 ου’τοῖς
465 2653 621 2736 ἐκφέρειν.
675 2647 829 2736 ἐκράτησε
849 2652 885 2715 δὲ
907 2648 927 2734 ἡ
948 2652 1062 2734 θνῆσις
1081 2643 1163 2735 αὕτη

130 2822 158 2876 5.
178 2819 228 2889 τῆς
243 2835 287 2875 orn
304 2819 326 2874 C

58 2971 134 3022 tilius
154 2975 184 3022 et
202 2965 312 3021 verbum
330 2965 402 3020 dei.’'
439 2966 520 3019 etiam
539 2981 694 3018 concessum
714 2971 764 3028 est,
783 2971 814 3016 ut
826 2962 946 3017 obviatio
967 2961 1159 3035 celebraretur,

57 3057 132 3114 quoe
153 3055 211 3092 uon
228 3039 423 3106 numerabatur
440 3045 520 3090 antea
541 3038 571 3088 in
586 3035 730 3088 dominicis
748 3036 832 3086 sestis.
1139 3027 1144 3056 ”

128 3111 237 3183 Quarto
265 3109 372 3161 decimo
396 3117 486 3162 sutem
505 3108 563 3160 eius
581 3125 653 3159 auno
673 3106 726 3158 suit
745 3108 871 3177 quintum
901 3103 1047 3157 concilium
1066 3109 1161 3158 eontra

55 3183 198 3235 Severum.
217 3181 325 3233 decimo
339 3190 429 3234 autem
441 3197 512 3233 anno
525 3181 613 3250 prims
626 3177 758 3230 solemnia
779 3178 920 3230 restitutae
941 3191 1052 3242 magnae
1071 3175 1161 3227 ecclo-

55 3255 114 3307 siae
133 3252 272 3306 celebrata
293 3261 363 3304 suut.
400 3252 502 3304 sactum
517 3258 608 3303 sutem
626 3257 668 3300 est
683 3250 807 3319 quintum
825 3247 971 3300 concilium
990 3253 1084 3298 contra
1109 3245 1161 3296 Se-

54 3342 151 3377 verum
173 3323 335 3394 acephalum
352 3330 381 3376 et
400 3322 553 3392 improbum
585 3328 613 3373 et
632 3329 723 3372 eontra
748 3319 893 3398 origenem
910 3315 1097 3386 Cpolitauum‚
1116 3315 1161 3366 cui

54 3396 178 3448 coneilio
199 3396 378 3465 praefuerunt
405 3393 592 3464 Apollinarius
607 3390 819 3454 Alexandrinus,
836 3391 956 3442 Domuus
975 3387 1161 3440 Antiochenus

55 3469 107 3518 sub
121 3467 243 3534 Vigeiio.
259 3482 331 3538 papa
348 3469 480 3526 Romano,
496 3473 589 3518 contra
603 3464 748 3530 Origenem
768 3463 881 3532 eiusque
897 3459 1032 3526 «logmata,
1048 3459 1078 3510 in
1097 3456 1161 3529 qui·

53 3539 109 3592 bus
131 3537 312 3605 nugabantur,
332 3536 436 3591 animos
450 3537 534 3588 fuisse
548 3543 611 3587 ente
626 3550 739 3604 corpora
758 3540 786 3584 et
802 3531 990 3600 migrationem
1007 3529 1160 3581 animorum

52 3609 220 3662 statuebant
248 3616 278 3661 et
293 3624 401 3678 poenae
420 3608 502 3660 finem
521 3616 549 3660 et
568 3623 682 3676 corpora
709 3612 801 3656 nostra
822 3620 878 3654 nou
895 3599 990 3654 eedem
1008 3607 1161 3652 surrectura

52 3683 85 3733 in
105 3681 275 3733 surrectione
296 3686 324 3730 et
342 3677 487 3732 daemones
504 3680 534 3731 iu
545 3687 664 3732 veterem
682 3684 781 3727 statum
800 3674 956 3727 restitutum
976 3672 1011 3724 iri
1032 3678 1061 3722 et
1078 3685 1161 3740 pars-

52 3751 148 3804 disum
165 3751 314 3820 allegorice
331 3749 395 3814 diei,
414 3767 467 3802 nee
485 3767 543 3802 esre
562 3765 615 3801 nee
636 3747 721 3800 fuisse
741 3745 880 3798 eonditum
900 3742 985 3796 adeo
1004 3750 1160 3795 terrestrem

50 3821 223 3897 paradisum,
242 3839 292 3874 neo
310 3838 390 3874 carue
408 3821 500 3873 fictum
524 3837 583 3874 esse
601 3818 739 3872 Adamuur.

128 3895 238 3946 Mortua
256 3891 404 3946 Theodora
433 3895 492 3946 eius
516 3909 600 3945 uxore
617 3889 755 3942 celebrata
776 3894 840 3941 suut
865 3884 998 3938 solemnis
1018 3883 1160 3935 restituto-

49 3985 114 4018 run
137 3965 334 4034 apostolorum.
372 3963 422 4016 sub
440 3981 474 4016 eo
492 3963 572 4036 Cpoli
591 3970 649 4014 erat
666 3961 774 4012 morbus
795 3956 897 4020 letalis,
915 3958 954 4008 ita
974 3963 1005 4008 ut
1022 3953 1161 4024 insepulta

47 4041 181 4090 iacerent
197 4053 311 4109 corpora
328 4044 504 4100 mortuorum,
522 4036 586 4107 quia
604 4049 661 4086 non
678 4030 849 4084 sufficiebant
867 4028 968 4080 feretra
984 4026 1160 4079 ecelesiarum

47 4118 82 4162 et
109 4093 249 4162 merirum
266 4107 375 4160 aedium
393 4105 428 4158 ari
446 4105 629 4168 efferendum,
651 4113 796 4174 postquam
813 4117 877 4152 vero
896 4115 944 4150 rex
962 4097 1039 4150 mille
1058 4097 1165 4150 feretra-

47 4182 134 4248 see'st,
152 4197 237 4252 quom
262 4197 297 4238 ne
315 4179 384 4233 haee
404 4177 515 4251 quidem
535 4175 697 4241 sufficerent,
720 4190 812 4228 curros
830 4170 980 4244 permultos
1007 4167 1159 4240 conparari
