2888 4860
292 268 362 338 rso
582 239 755 351 [roonis
787 229 1079 343 autumnos]

382 433 444 504 Ἦν
466 437 501 502 δέ
513 459 562 511 τις
584 432 724 518 χαλκεύς
749 431 896 514 Ἀνδρέας
915 421 1067 508 τοῦνομα,
1088 421 1172 507 ἔχων
1190 425 1267 506 μεθ’
1287 415 1387 486 adseri

289 540 369 604 arrisu
392 531 509 615 ξανθόν
529 533 583 599 κατ’
604 532 736 618 τυφλόν,
758 530 792 608 ὃς
813 529 913 612 ἐποίει
932 531 1063 606 τέρατα·
1106 526 1306 602 παρεστῶτος
1325 520 1386 604 γύρ

290 641 377 727 αύτῷ
398 631 513 721 όχλου,
548 633 654 716 λόθρα
683 634 741 696 τοό
769 627 862 706 κυνός
885 629 1046 707 ἐκομίζετο
1067 621 1188 689 τόταῖν
1211 622 1390 688 ἐνεστώτων

290 738 476 802 δακτυλίδια
507 736 615 819 χρυσᾶ
640 755 672 796 τε
691 732 746 795 καί
775 731 901 812 α’ργυρᾶ
921 729 976 792 καί
995 724 1124 809 σιδηρᾶ,
1146 726 1201 787 καί
1221 721 1324 787 ἐτίθει
1344 721 1396 795 εἰς

202 909 205 920 Ι
289 835 325 903 τό
347 831 467 921 ἔδαφος
496 835 693 918 πἐρισκόπων
724 831 808 894 adad
841 829 975 911 χώματι,
998 828 1054 889 κατ’
1072 827 1222 905 ἐπέτρεπε
1244 824 1287 909 τῷ
1309 821 1409 903 κυνί,5

290 938 346 1000 καί
367 935 525 1015 ἐλάμβανε
555 930 611 996 καί
636 931 745 996 ἐδίδου
770 923 890 1013 ἑκάστῳ
913 927 948 991 τό
969 925 1059 992 ἴδιον.
1104 919 1218 1004 όμοίιος
1240 920 1296 988 κατ’
1316 923 1385 985 δια.

292 1035 404 1120 φόρων
425 1035 581 1114 βασιλέων
602 1030 786 1110 νομίσματα
808 1025 988 1120 μιγνύμενα
1010 1018 1161 1090 ἀπεδίδου
1186 1025 1252 1087 κατ’
1275 1013 1381 1100 όνομο.

291 1132 372 1198 ἄλλό
398 1133 453 1197 κατ’
487 1134 551 1195 τεόν
582 1125 797 1212 παρεστώτοιν
810 1125 940 1209 ἀ’νδροῐκ
960 1149 995 1190 τε
1017 1128 1071 1190 κατ’
1085 1127 1247 1207 ’γυναικοῖν
1268 1123 1382 1188 tusto:
1441 1189 1442 1192 ρ

291 1255 365 1298 κνυε
397 1229 454 1306 τός
482 1234 517 1296 ἐν
546 1230 661 1314 γαστρί
689 1227 824 1312 ε’χοόσας
852 1225 909 1290 κατ’
935 1227 1069 1309 πόρνους
1098 1220 1316 1306 καίμοιχούς
1336 1219 1382 1285 καί

292 1328 507 1418 α’νελεημονοις
535 1329 592 1394 καί
617 1325 746 1403 κυιποός
768 1325 917 1400 οἶττλανῶς
943 1328 999 1389 κατ’
1029 1323 1109 1407 μετύ
1134 1327 1288 1408 α’ληθείας
1308 1324 1410 1388 ἔδοτ’-λλ

292 1455 386 1496 κνυε·
430 1425 506 1496 ὅθεν
527 1427 632 1512 ἔλεγον
655 1428 712 1494 τόν
730 1425 810 1492 κύνα
830 1426 956 1505 πνεόμα
977 1424 1138 1500 Πύθωνος
1160 1421 1256 1508 ἔχειν.

371 1531 410 1596 ‘0
443 1531 479 1594 δὲ
506 1527 604 1605 αότός
631 1525 783 1610 βασιλεύς
814 1528 911 1604 κτίζει
940 1524 995 1589 κατ’
1023 1522 1078 1590 τόν
1098 1525 1132 1590 ἐν
1151 1527 1192 1611 τῇ
1213 1527 1299 1610 πηγῇ
1318 1521 1384 1588 vods

292 1632 350 1714 τῆς
382 1630 558 1714 ότιεραγίας
585 1625 752 1707 θεοτόκου,
785 1628 840 1691 κατ’
871 1621 1044 1704 πάμπολλοι
1070 1627 1226 1705 κτίσματα
1249 1623 1386 1704 ἐποίησεν

293 1733 466 1812 ἐκκλησιῶν
487 1751 521 1793 τε
541 1731 597 1791 κατ’
616 1727 746 1806 πόλεως,
776 1724 833 1787 κατ’
853 1723 910 1806 την
930 1727 1171 1806 πενταγέφυραν
1191 1724 1250 1785 τοῦ
1269 1725 1387 1804 Σαγγα-

294 1833 366 1912 ρίου
388 1825 469 1911 ἅπερ
494 1821 675 1911 Προκόπιος
700 1823 717 1887 ό
739 1820 898 1907 ἱστορικός
927 1823 960 1886 ἐν
984 1818 1063 1886 όκτοό
1087 1821 1191 1903 λόγοις
1212 1818 1386 1902 α’νεγρόψα-
1395 1843 1416 1894 15

229 1921 230 1924 “
294 1950 344 1992 το.
396 1927 441 2002 εἷς
465 1927 500 1989 δὲ
531 1924 568 1989 τοὶ
593 1926 665 2007 τέλη
695 1917 846 1986 αύτοότό
883 1919 1129 2007 περόφθοιρτού
1150 1921 1205 1983 καί
1224 1919 1388 2006 ἀφθάρτου

295 2024 426 2108 κινήσας
448 2024 551 2106 δόγμα
571 2023 737 2106 α’λλότριος
757 2023 811 2106 τῆς
827 2021 991 2102 εὐσεβείας
1009 2021 1089 2084 θεοῦ
1102 2015 1298 2108 ἐτελεύτησε,
1319 2045 1388 2103 προ-

295 2123 470 2207 βαλόμενος
488 2123 655 2189 ’ίουστῐνον
676 2121 811 2202 α’νεψιόν
833 2121 936 2198 orituri
967 2122 1013 2195 εἰς
1031 2113 1176 2203 βασιλέα,
1195 2119 1388 2204 κουροπαλύ

295 2247 354 2307 την
373 2222 446 2288 τότε
469 2216 559 2286 όντα.
602 2223 757 2304 κατετέθη
778 2223 813 2285 δὲ
833 2221 867 2286 τό
888 2223 982 2302 σῶμα
1012 2221 1113 2284 ου’τοό
1134 2221 1168 2285 ἐν
1186 2223 1232 2306 τῷ
1251 2223 1319 2307 ναῷ
1339 2221 1391 2284 τεόν

297 2319 397 2406 ἁγίων
431 2316 610 2386 ἀποστόλων
647 2317 728 2400 πρός
758 2317 881 2402 βορρόν
911 2323 946 2384 ἐν
976 2318 1108 2402 λα’ρνακι
1130 2323 1276 2409 βοθυνῇ·
1321 2319 1420 2404 sitiat

296 2420 374 2505 γυνη
399 2422 502 2486 orituri
525 2417 679 2503 Θεοδύρα
713 2414 985 2502 προετελεύτησεν.
1027 2417 1087 2502 την
1109 2420 1145 2484 δὲ
1163 2423 1218 2504 τῆς
1238 2419 1392 2504 α’ρχιερυ·

298 2519 393 2605 σόνης
420 2517 514 2604 τιμήν
549 2520 604 2585 ἐπί
631 2519 732 2585 αὐτοῦ
753 2515 864 2604 εἶληφε
893 2521 1098 2605 πρῶτονμὲν
1119 2517 1268 2606 Ἰωάννης,
1291 2515 1393 2584 ἔπειτα

375 2725 418 2778 id.
439 2727 570 2798 σαγοὶρου
586 2727 647 2780 cod.
715 2727 757 2779 15.
779 2725 795 2782 ό
813 2743 857 2779 om
876 2728 897 2780 C

373 2905 438 2957 Erat
455 2902 532 2956 inber
553 2904 672 2975 quidam,
695 2907 739 2958 cui
756 2922 856 2958 nomen
875 2904 1007 2971 Andreae,
1036 2907 1082 2976 qui
1103 2923 1195 2958 secum
1212 2907 1335 2960 babebat
1353 2924 1393 2960 ca-

303 2992 365 3027 nem
384 2976 481 3027 ssavum
499 2984 527 3026 et
544 2993 650 3027 cascum
671 2977 798 3028 miracuta
819 2975 954 3029 edentem.
990 2974 1116 3028 adstante
1134 2979 1204 3030 enim
1222 2979 1393 3032 multitudine

303 3046 456 3110 bominum,
474 3043 637 3098 adstantium
655 3046 794 3100 hominum
812 3047 927 3100 annulos
940 3065 1044 3110 aureos,
1064 3057 1216 3116 argenteos,
1237 3051 1339 3104 ferreos
1356 3051 1394 3102 in·

304 3119 359 3170 scio
381 3133 446 3168 cans
465 3118 494 3169 in
514 3118 573 3168 solo
591 3117 727 3186 ponebat,
745 3126 772 3168 et
791 3125 861 3169 terra
880 3118 1002 3187 tegebat;
1025 3127 1080 3170 turn
1100 3120 1174 3171 canis
1193 3122 1283 3174 iussus
1310 3137 1394 3174 sums·

305 3189 354 3242 bat
374 3197 402 3242 et
420 3205 498 3239 suurn
518 3190 617 3258 cuique
640 3189 770 3240 annulum
786 3189 923 3241 reddebat.
958 3189 1051 3241 eadem
1071 3192 1178 3241 ratione
1202 3193 1339 3245 variorum
1357 3208 1394 3243 re-

305 3277 368 3327 gum
387 3275 528 3322 nummos,
548 3260 714 3329 permixtos,
733 3267 814 3328 prout
840 3277 940 3311 nornen
959 3269 1032 3324 erat,
1051 3259 1190 3313 reddebat.
1228 3265 1298 3334 quin
1320 3263 1395 3314 etiam

305 3347 339 3381 ex
351 3329 520 3381 adstantibus
533 3331 641 3382 seminis
661 3338 689 3381 et
702 3331 770 3382 'viris
784 3329 954 3394 ostendebat,
973 3347 1044 3402 quae
1063 3329 1189 3398 gravidae
1210 3343 1311 3397 essent.
1331 3349 1395 3405 quae

306 3402 476 3463 meretrices,
506 3401 554 3469 qui
577 3401 693 3463 moechi,
738 3401 765 3452 ui
787 3400 1019 3466 immisericordes,
1036 3403 1083 3472 qui
1102 3403 1184 3466 avari,
1204 3413 1293 3475 eaque
1311 3403 1396 3456 omnia

305 3473 366 3525 sine
386 3487 477 3523 errore
495 3479 522 3522 et
538 3487 602 3524 sere
619 3470 731 3524 ostende
752 3479 789 3524 at.
817 3471 889 3525 uude
908 3471 1048 3538 dicebant,
1066 3489 1160 3527 canem
1178 3473 1282 3528 babere
1300 3475 1397 3544 Pytho-

304 3545 349 3596 nis
368 3559 380 3593 s
402 3543 501 3595 iritum.
1298 3551 1299 3554 ’

376 3559 450 3666 lpdem
469 3627 516 3664 rex
533 3611 664 3682 templum
683 3612 867 3664 sanctissimae
895 3614 988 3666 matris
1007 3611 1053 3667 dei
1077 3631 1126 3684 pro
1148 3631 1163 3666 e
1183 3615 1289 3670 iontem
1307 3615 1398 3670 aedifi-

250 3733 252 3738 .
306 3692 350 3735 cat
367 3693 396 3736 et
412 3682 561 3755 permultas
572 3683 703 3736 ecclesias
716 3691 743 3736 et
762 3683 790 3735 in
801 3683 869 3734 urbe
888 3683 1012 3737 aedificia
1032 3683 1156 3738 condidit
1174 3695 1204 3740 et
1213 3697 1328 3757 pontem
1337 3689 1399 3742 san·

306 3756 375 3822 garii
395 3756 412 3807 5
432 3753 547 3807 arcubus
563 3753 723 3816 aedificavit,
743 3771 823 3824 quem
841 3760 904 3807 octo
918 3755 1084 3808 sermonibus
1102 3755 1245 3829 descripsit
1259 3759 1400 3832 Procopius

307 3823 459 3878 bistoricos.
501 3825 551 3878 sub
570 3825 651 3876 finem
671 3833 761 3876 sotem
780 3825 866 3896 ipsius
888 3842 998 3878 mosem
1016 3825 1111 3896 dogma
1137 3827 1172 3880 de
1190 3831 1359 3884 mortalitate
1376 3837 1401 3882 et

308 3897 514 3950 immortalitate
532 3895 636 3949 alienus
653 3911 670 3945 a
689 3896 791 3965 pietate
809 3905 870 3963 erga
898 3895 977 3948 deum
1001 3897 1080 3962 obiit,
1100 3905 1245 3970 postquam
1271 3902 1401 3955 Iustinum

308 3969 460 4036 patruelem
480 3968 654 4039 europalates
672 3982 784 4020 munero
804 3973 868 4016 tunc
887 3967 1044 4036 fungentem
1064 3985 1153 4037 regern
1171 3973 1325 4042 proposuit.
1361 3989 1401 4024 ss·

308 4037 415 4106 pultum
437 4045 479 4091 est
496 4054 594 4110 corpas
611 4039 670 4090 eius
689 4039 719 4089 in
737 4037 849 4088 ecclesia
861 4045 1042 4090 sanctoruma
1065 4039 1223 4094 ostolorum.
1259 4061 1330 4095 uxor
1348 4043 1403 4095 eins

217 4115 218 4121 ’
307 4107 452 4161 Theodora
469 4118 550 4163 antea
573 4116 678 4163 mortua
697 4107 763 4162 erat.
799 4109 895 4159 summi
921 4109 1064 4164 sacerdotri
1091 4109 1223 4166 bonorem
1242 4121 1336 4167 autem
1355 4113 1404 4167 sub
