2826 4868
267 277 341 352 tta
688 293 941 362 eustatmus

266 438 431 526 βάρβαρον
459 445 514 508 καί
536 442 615 510 κατά
638 468 672 508 ee
700 451 839 528 στέρνων
859 448 915 511 καί
934 445 1014 511 κατά
1036 471 1067 510 τε
1090 446 1203 512 νω’των
1227 447 1360 531 πληττό-

265 563 360 618 μενον
390 544 446 606 καί
463 544 659 625 βαλλόμενον
680 546 821 628 definito,
848 543 931 612 orirer
960 550 1036 629 γοῦν
1056 557 1247 630 στρατηγεῖν
1268 548 1360 633 ἀφείς

267 638 310 716 ὥς
337 639 468 726 ἔπρεπε,
491 648 654 724 πομπικιάς
684 639 786 724 άλλως
819 652 959 712 διέκειτο.
1009 644 1148 730 ὕψιστος
1173 648 1237 731 γάρ
1266 650 1301 713 ἐν
1319 651 1360 732 τῷ

266 737 333 827 iqiqt
351 742 477 831 γηλόφῳ
498 749 554 810 τοῦ
578 751 652 810 καθ’
683 749 766 829 ἡμᾶς
791 753 973 832 Ζαβαρειόυ
1001 744 1224 831 ἐπανηγάριζε,
1245 751 1358 830 &supt-

265 842 328 916 κῶς
347 840 404 924 τήν
424 847 480 926 τῆς
500 839 607 928 μάχης
626 848 744 930 ἐκείνης
766 845 978 930 γνωματεάιον
1000 849 1157 931 διάθεσιν,
1181 845 1219 930 ἢν
1241 849 1374 930 ἐγειροᾶ

264 943 345 1026 με’νη
365 938 448 1018 ιιάνις
470 944 534 1008 ὑπὸ
556 949 619 1010 ταῖν
649 947 828 1029 τρεχόντων
850 953 907 1012 ναί
928 946 1175 1029 ἀντιτρεχάντων
1196 945 1352 1027 ἐσήμαινε.

265 1037 322 1104 καί
341 1035 393 1107 οἷα
426 1045 486 1124 μὲν
521 1044 619 1120 αάτάς
650 1047 718 1112 τότε
742 1041 855 1131 εὔχετο
881 1043 921 1112 ἀν
945 1041 966 1132 ἢ
986 1047 1168 1131 κατεάγην,
1192 1044 1353 1124 ου’ἀείςάν

264 1139 364 1224 εἰδείη
390 1143 524 1223 μαβιάν·
574 1149 676 1211 ἐκεῖνο
708 1149 743 1212 δέ
771 1151 877 1232 δῆλον,
909 1148 952 1225 οἷς
974 1142 1066 1212 ὤκνει
1096 1142 1268 1214 κάνταῦθα
1289 1147 1351 1222 soie

265 1243 428 1322 Λατίνους
449 1244 585 1330 ἀχλήσαι
607 1252 664 1312 καί
673 1275 702 1312 τι
724 1250 843 1324 στάλας
857 1249 1082 1333 denegatione
1095 1251 1156 1313 τοῦ
1179 1254 1255 1314 καθ’
1275 1249 1350 1333 ήμῶν

264 1345 418 1428 πολέμου,
448 1343 492 1421 (ἐς
514 1339 567 1413 olo
597 1350 682 1431 τάχα
705 1371 765 1414 που
788 1348 902 1424 dedicit
923 1349 967 1431 μή
989 1348 1045 1414 καί
1064 1351 1295 1414 ἐπικαλέσουσιν
1313 1348 1374 1423 sitii

265 1441 308 1503 δι’
329 1442 425 1508 αάτόν
446 1447 591 1513 δίπαλτον
615 1447 649 1512 ro*
667 1449 847 1532 Ῥωμαϊκόν
868 1451 974 1525 αὐτοῖς
994 1451 1189 1533 ἐπετέθησαν
1210 1449 1347 1532 στράτευ-

263 1565 321 1620 μα.
363 1547 419 1609 καί
447 1542 568 1632 ἔπασχε
594 1552 654 1629 μὲν
680 1552 849 1634 τηνικαῦτα
879 1551 1027 1633 μυκτῆρα
1050 1551 1084 1612 ἐν
1105 1552 1171 1612 ταῖν
1191 1547 1345 1630 γυναικοῖν,

204 1635 315 1710 289iin
336 1645 482 1710 καθελών
502 1647 622 1725 ἐκείνας
643 1652 699 1714 τοῦ
718 1643 784 1715 olm
805 1651 873 1714 ἐκεῖ
892 1645 1022 1714 ἑστάναι
1046 1647 1142 1724 odric
1165 1651 1206 1712 ου’
1228 1648 1306 1711 κατά
1322 1672 1344 1708 τι
1399 1707 1400 1712 ,

264 1737 369 1808 αἴσιον
399 1745 555 1834 ἀναβαιή,
576 1758 756 1832 γυναικεῖον
775 1751 872 1815 τόπον
902 1742 1107 1832 ἀναπληρῶν·
1151 1741 1191 1832 ἦν
1217 1750 1253 1813 δὲ
1273 1745 1343 1831 αάτή

263 1842 318 1907 reni
338 1844 354 1910 ὁ
378 1848 411 1912 ἐν
441 1851 504 1914 τάν
530 1855 670 1930 γυναίων
699 1855 811 1931 μάμος
834 1849 911 1916 oioei
931 1849 1037 1915 ου’θέν.
1078 1847 1181 1913 πάθεν
1204 1849 1268 1932 γάρ
1290 1841 1365 1928 cipli

261 1943 357 2036 γνοὺς
373 1948 583 2034 ἐννοήσααθαι
603 1949 646 2024 ὥς
667 1949 779 2015 πολλοί
800 1953 956 2034 γυναικῶν
979 1947 1158 2030 ἀντιδισμοί
1176 1948 1334 2034 σφαλλομέ-

260 2066 335 2120 νους
355 2041 474 2130 ἄνδρας
505 2048 719 2133 ἀνώρθωσαν,
738 2049 956 2133 βαρβαρικούς
975 2073 1011 2114 τε
1033 2047 1089 2112 καί
1110 2045 1282 2132 Ἓλληνας;
1296 2047 1333 2108 roi

259 2140 374 2227 ἔχομεν
406 2149 462 2212 κατ’
488 2147 604 2233 ταύτην
624 2150 747 2235 βλάβην
777 2151 810 2228 ἐξ
833 2150 933 2216 αὐτοῦ
949 2146 1090 2232 μεγάλην
1113 2147 1172 2213 καί
1192 2149 1336 2234 προφανῆ·

259 2241 421 2328 ἐπάθομεν
445 2250 505 2346 γάρ
540 2250 647 2314 αὐτῶν
669 2254 821 2316 Λατίνων
855 2249 1082 2332 ἐξαγγελόντων
1101 2243 1164 2330 ὥς,
1189 2247 1278 2330 εἴπερ
1297 2243 1340 2328 τήν

258 2338 346 2428 ὥραν
368 2350 486 2431 ἐκείνην
506 2354 581 2414 καθ’
603 2348 640 2434 ἣν
667 2349 683 2414 o‘
707 2353 860 2434 Χοῦμυος
882 2352 991 2423 αὐτοῖς
1013 2351 1143 2414 ἐπίθετο
1163 2343 1367 2430 ἐνεπήδησανβ

258 2447 289 2511 οἱ
310 2449 367 2531 τῆς
388 2448 507 2524 πόλεως
528 2449 602 2532 περὶ
621 2447 675 2515 τὸν
695 2445 908 2528 ναύσταθμον,
928 2448 984 2524 τάς
1004 2471 1037 2511 τε
1057 2448 1212 2532 μηχανάς
1234 2445 1343 2518 ἀπάρας
1398 2487 1399 2490 =

257 2540 342 2612 εἷλον
363 2541 402 2612 ἀν
427 2548 526 2614 natet
542 2547 757 2632 στρατόπεδον
773 2546 943 2636 ἀπήγαγον,
968 2549 1190 2632 ἐμπρήσαντες
1211 2551 1268 2614 καί
1282 2549 1345 2632 τήνς

258 2643 336 2724 ὅσας
357 2649 511 2732 ἐξεγένετο
532 2641 572 2716 ἀν
595 2650 715 2728 αὐτοῖς.

257 2897 386 2966 perieulis
404 2896 512 2951 barbari
531 2900 697 2962 circumdati,
715 2899 818 2952 adversi
845 2907 873 2951 et
893 2899 978 2950 aversi
1004 2893 1129 2949 feriendo
1152 2893 1343 2965 iaculandoque
1397 2955 1399 2960 Ι

256 2978 460 3036 premerentur:
492 2972 567 3041 quod
586 2974 668 3040 igitur
686 2972 738 3023 hoc
756 2974 793 3025 ita
817 2971 1013 3032 administrare,
1029 2975 1059 3018 ut
1076 2966 1205 3031 decebat,
1225 2968 1342 3036 neglese·
1397 2979 1399 3002 t

257 3039 435 3100 rit,ocvana
461 3057 490 3093 ιο
509 3042 687 3095 delectaverit
715 3059 822 3112 pompa.
860 3039 982 3093 escendit
999 3041 1071 3090 enim
1091 3040 1120 3089 in
1142 3040 1246 3091 collem
1263 3041 1343 3089 orien-
1397 3047 1398 3058 ¹

257 3105 339 3160 talein
359 3112 462 3163 Zabarii
482 3117 576 3178 nostri,
599 3117 829 3183 concionaturque
847 3112 885 3164 ibi
904 3112 1049 3163 artificiose
1068 3109 1233 3178 disputabat
1252 3109 1286 3162 de
1302 3125 1342 3177 pu·

258 3197 326 3246 gnae
338 3183 412 3234 illius
430 3183 674 3248 administratione,
693 3201 773 3254 quarn
794 3183 844 3236 sub
858 3182 1040 3235 ariorientiurn
1058 3189 1087 3232 et
1105 3181 1291 3234 resistentium
1306 3195 1343 3246 pe·

257 3251 338 3304 dibus
364 3256 496 3306 excitatus
518 3257 605 3324 pulvis
635 3256 782 3310 indicabat.
805 3273 874 3324 quae
893 3254 943 3308 ille
966 3261 1023 3304 turn
1042 3261 1169 3322 precatus
1190 3263 1239 3304 aut
1257 3255 1344 3320 impre-

257 3331 333 3374 eatue
345 3325 389 3386 sit,
407 3343 487 3378 neruo
508 3327 599 3379 norit:
621 3327 672 3378 boc
691 3328 865 3380 manifestum
883 3334 933 3386 eet,
954 3341 1070 3376 cessasse
1087 3341 1149 3374 euru
1168 3332 1227 3376 tuns
1249 3323 1343 3400 latinoq

258 3393 388 3446 lacessere
407 3406 435 3448 et
461 3399 585 3450 venando
614 3417 663 3450 uos
682 3399 770 3449 leuare
794 3413 937 3466 parumper
967 3394 1003 3445 ab
1021 3411 1055 3446 eo
1078 3393 1165 3457 bello,
1186 3396 1288 3466 qnippe
1304 3405 1343 3461 qvi

257 3475 395 3517 vereretur
416 3467 489 3518 haud
509 3466 606 3532 dubie,
629 3489 663 3521 ue
691 3486 719 3520 se
740 3477 914 3529 accusarent,
935 3465 1008 3537 quod
1028 3467 1088 3534 ipso
1109 3474 1222 3518 auctore
1244 3462 1342 3544 Romani

258 3537 402 3605 ancipitem
425 3538 476 3590 eibi
496 3542 641 3590 exercitum
662 3541 843 3592 immisissent·
888 3546 970 3607 atque
990 3537 1054 3589 rieui
1074 3545 1132 3589 tum
1150 3546 1212 3588 erat
1234 3537 1342 3588 mulien·

257 3605 327 3676 bue,
346 3607 434 3676 quod,
459 3619 544 3662 semet
570 3610 632 3662 inde
652 3611 790 3674 deductis,
820 3612 878 3680 ipse
897 3608 1070 3672 ascendisset,
1100 3606 1130 3659 id
1147 3609 1225 3678 quod
1246 3607 1342 3658 minine

257 3675 381 3740 «lacebat,
402 3680 429 3730 in
450 3681 537 3732 locum
556 3682 725 3734 uuriiebreen.
763 3683 898 3734 enimvero
916 3680 1064 3731 ludibrium
1079 3680 1226 3730 mulierum
1245 3691 1342 3748 queque

257 3749 307 3799 ille
323 3750 401 3800 nilrili
422 3753 589 3803 aestimabat.
629 3752 700 3804 uude
724 3755 795 3805 euim
821 3753 955 3819 cognitum
974 3751 1119 3810 babuerit,
1139 3751 1236 3802 crebro
1258 3749 1340 3800 labaa-

258 3826 299 3870 tes
316 3821 402 3884 virne,
420 3833 448 3874 et
468 3822 595 3874 barbarus
617 3835 644 3876 et
664 3825 790 3884 Graecos,
810 3823 964 3893 opprobriis
985 3822 1131 3872 mulierum
1153 3831 1260 3874 erectos
1273 3817 1340 3870 esre?

257 3887 388 3942 babemus
406 3903 494 3944 aretem
515 3893 583 3945 barre.
606 3913 714 3964 quoque
735 3895 855 3946 eundem
875 3893 1047 3961 ignominiam
1059 3901 1087 3943 et
1104 3909 1229 3960 ruagrreua
1249 3901 1275 3943 et
1294 3904 1340 3940 ωε·

258 3962 393 4014 nileetum.
430 3965 510 4016 uobis
531 3967 630 4017 etenim
654 3968 703 4034 ipsi
732 3967 818 4018 Latini
845 3972 1000 4026 narrarunt,
1023 3964 1044 4014 ei
1067 3972 1139 4024 turn,
1165 3982 1248 4034 quum
1277 3961 1339 4012 ctu·

259 4049 338 4084 rnnus
373 4037 435 4087 ilios
469 4035 623 4098 invaderet,
651 4040 735 4089 uestri
769 4038 868 4088 milites
900 4053 981 4086 naves
1009 4035 1036 4084 in
1067 4043 1146 4104 portu
1179 4039 1338 4101 cougregatis

258 4101 347 4154 adorti
369 4116 467 4166 esseut,
493 4117 619 4175 capturus
638 4126 683 4159 eos
703 4109 783 4159 luisse
800 4117 910 4158 cunctae
926 4105 1064 4157 nraelriuas
1093 4115 1120 4158 et
1139 4109 1284 4160 exercitum
1303 4103 1337 4152 tu·

260 4181 375 4243 gaturos,
395 4177 539 4232 combustis
559 4181 649 4244 etiarn,
671 4189 738 4251 quot
755 4179 806 4250 ipsi
826 4186 946 4250 possent,
967 4175 1090 4253 neribus.
