<?xml version="1.0" encoding="UTF-8"?>
<!DOCTYPE html PUBLIC "-//W3C//DTD XHTML 1.0 Transitional//EN"
    "http://www.w3.org/TR/xhtml1/DTD/xhtml1-transitional.dtd">
<html xmlns="http://www.w3.org/1999/xhtml" xml:lang="en" lang="en">
 <head>
  <title>
</title>
<meta http-equiv="Content-Type" content="text/html;charset=utf-8" />
  <meta name='ocr-system' content='tesseract 3.04.00' />
  <meta name='ocr-capabilities' content='ocr_page ocr_carea ocr_par ocr_line ocrx_word'/>
</head>
<body>
  <div class='ocr_page' id='page_1' title='image "./leonisgrammatic00gramgoog/leonisgrammatic00gramgoog_0531.png"; bbox 0 0 2828 4874; ppageno 0'>
   <div class='ocr_carea' id='block_1_1' title="bbox 278 504 1125 580">
    <p class='ocr_par' dir='ltr' id='par_1_1' title="bbox 278 504 1125 580">
     <span class='ocr_line' id='line_1_1' title="bbox 278 504 1125 580; baseline -0.002 0"><span class='ocrx_word' id='word_1_1' title='bbox 278 504 351 580; x_wconf 72' lang='lat'><strong>514</strong></span> <span class='ocrx_word' id='word_1_2' title='bbox 533 519 590 580; x_wconf 75' lang='lat' dir='ltr'><strong>an</strong></span> <span class='ocrx_word' id='word_1_3' title='bbox 620 515 784 580; x_wconf 75' lang='lat' dir='ltr'><strong>saonen</strong></span> <span class='ocrx_word' id='word_1_4' title='bbox 814 515 1125 580; x_wconf 78' lang='lat' dir='ltr'><strong>cnauuancun</strong></span> 
     </span>
    </p>
   </div>
   <div class='ocr_carea' id='block_1_2' title="bbox 185 677 1377 1852">
    <p class='ocr_par' dir='ltr' id='par_1_2' title="bbox 185 677 1377 1852">
     <span class='ocr_line' id='line_1_2' title="bbox 221 677 1377 762; baseline -0.001 -20"><span class='ocrx_word' id='word_1_5' title='bbox 221 716 223 723; x_wconf 33' lang='grc' dir='ltr'><strong><em>ι</em></strong></span> <span class='ocrx_word' id='word_1_6' title='bbox 277 688 344 742; x_wconf 87' lang='lat' dir='ltr'><strong>erat</strong></span> <span class='ocrx_word' id='word_1_7' title='bbox 365 678 529 740; x_wconf 86' lang='lat' dir='ltr'><strong>literarum</strong></span> <span class='ocrx_word' id='word_1_8' title='bbox 544 680 675 759; x_wconf 86' lang='lat' dir='ltr'><strong>amicus,</strong></span> <span class='ocrx_word' id='word_1_9' title='bbox 697 679 885 741; x_wconf 88' lang='lat' dir='ltr'><strong>domesticos</strong></span> <span class='ocrx_word' id='word_1_10' title='bbox 899 677 1003 761; x_wconf 87' lang='lat' dir='ltr'><strong>plures</strong></span> <span class='ocrx_word' id='word_1_11' title='bbox 1023 699 1078 741; x_wconf 90' lang='lat' dir='ltr'><strong>seu</strong></span> <span class='ocrx_word' id='word_1_12' title='bbox 1092 677 1277 752; x_wconf 80' lang='lat' dir='ltr'><strong>familiares,</strong></span> <span class='ocrx_word' id='word_1_13' title='bbox 1298 702 1377 762; x_wconf 89' lang='lat' dir='ltr'><strong>quo-</strong></span> 
     </span>
     <span class='ocr_line' id='line_1_3' title="bbox 276 763 1375 846; baseline -0.003 -19"><span class='ocrx_word' id='word_1_14' title='bbox 276 788 348 827; x_wconf 82' lang='lat' dir='ltr'><strong>ruur</strong></span> <span class='ocrx_word' id='word_1_15' title='bbox 381 765 446 845; x_wconf 90' lang='lat' dir='ltr'><strong>ipse</strong></span> <span class='ocrx_word' id='word_1_16' title='bbox 463 763 566 826; x_wconf 88' lang='lat' dir='ltr'><strong>studia</strong></span> <span class='ocrx_word' id='word_1_17' title='bbox 599 766 732 826; x_wconf 84' lang='lat' dir='ltr'><strong>foveret.</strong></span> <span class='ocrx_word' id='word_1_18' title='bbox 776 763 828 823; x_wconf 85' lang='lat' dir='ltr'><strong>vix</strong></span> <span class='ocrx_word' id='word_1_19' title='bbox 858 764 1027 846; x_wconf 91' lang='lat' dir='ltr'><strong>quicquam</strong></span> <span class='ocrx_word' id='word_1_20' title='bbox 1050 764 1148 834; x_wconf 85' lang='lat' dir='ltr'><strong>Leoni</strong></span> <span class='ocrx_word' id='word_1_21' title='bbox 1172 768 1375 846; x_wconf 81' lang='lat' dir='ltr'><strong>grammatico</strong></span> 
     </span>
     <span class='ocr_line' id='line_1_4' title="bbox 185 847 1375 932; baseline -0.001 -22"><span class='ocrx_word' id='word_1_22' title='bbox 185 883 189 899; x_wconf 91' lang='lat'><strong>·</strong></span> <span class='ocrx_word' id='word_1_23' title='bbox 275 870 312 910; x_wconf 91' lang='lat' dir='ltr'><strong>ac</strong></span> <span class='ocrx_word' id='word_1_24' title='bbox 336 870 492 932; x_wconf 82' lang='lat' dir='ltr'><strong>anonymo</strong></span> <span class='ocrx_word' id='word_1_25' title='bbox 514 847 558 907; x_wconf 91' lang='lat' dir='ltr'><strong>illi</strong></span> <span class='ocrx_word' id='word_1_26' title='bbox 579 847 795 910; x_wconf 78' lang='lat' dir='ltr'><strong>continuatori</strong></span> <span class='ocrx_word' id='word_1_27' title='bbox 816 867 981 908; x_wconf 83' lang='lat' dir='ltr'><strong>commuue</strong></span> <span class='ocrx_word' id='word_1_28' title='bbox 1004 847 1044 907; x_wconf 89' lang='lat' dir='ltr'><strong>ad</strong></span> <span class='ocrx_word' id='word_1_29' title='bbox 1067 867 1169 929; x_wconf 89' lang='lat' dir='ltr'><strong>usque</strong></span> <span class='ocrx_word' id='word_1_30' title='bbox 1190 848 1297 908; x_wconf 86' lang='lat' dir='ltr'><strong>Basilii</strong></span> <span class='ocrx_word' id='word_1_31' title='bbox 1312 852 1375 909; x_wconf 77' lang='lat' dir='ltr'><strong>hla-</strong></span> 
     </span>
     <span class='ocr_line' id='line_1_5' title="bbox 275 929 1374 1015; baseline 0 -21"><span class='ocrx_word' id='word_1_32' title='bbox 275 931 402 994; x_wconf 89' lang='lat' dir='ltr'><strong>cedonis</strong></span> <span class='ocrx_word' id='word_1_33' title='bbox 422 933 526 1007; x_wconf 85' lang='lat' dir='ltr'><strong>vitam,</strong></span> <span class='ocrx_word' id='word_1_34' title='bbox 547 953 628 1013; x_wconf 89' lang='lat' dir='ltr'><strong>quae</strong></span> <span class='ocrx_word' id='word_1_35' title='bbox 639 929 705 1015; x_wconf 85' lang='lat' dir='ltr'><strong>lpsa</strong></span> <span class='ocrx_word' id='word_1_36' title='bbox 720 952 784 991; x_wconf 89' lang='lat' dir='ltr'><strong>non</strong></span> <span class='ocrx_word' id='word_1_37' title='bbox 798 931 1026 992; x_wconf 75' lang='lat' dir='ltr'><strong>continuatoris</strong></span> <span class='ocrx_word' id='word_1_38' title='bbox 1043 931 1194 1013; x_wconf 77' lang='lat' dir='ltr'><strong>anonymi</strong></span> <span class='ocrx_word' id='word_1_39' title='bbox 1207 931 1265 993; x_wconf 84' lang='lat' dir='ltr'><strong>sed</strong></span> <span class='ocrx_word' id='word_1_40' title='bbox 1290 933 1374 1013; x_wconf 84' lang='lat' dir='ltr'><strong>ipsius</strong></span> 
     </span>
     <span class='ocr_line' id='line_1_6' title="bbox 275 1014 1373 1099; baseline 0 -23"><span class='ocrx_word' id='word_1_41' title='bbox 275 1015 471 1076; x_wconf 80' lang='lat' dir='ltr'><strong>Constantini</strong></span> <span class='ocrx_word' id='word_1_42' title='bbox 483 1014 585 1075; x_wconf 89' lang='lat' dir='ltr'><strong>Basilii</strong></span> <span class='ocrx_word' id='word_1_43' title='bbox 601 1017 722 1099; x_wconf 89' lang='lat' dir='ltr'><strong>nepotis</strong></span> <span class='ocrx_word' id='word_1_44' title='bbox 743 1014 924 1075; x_wconf 78' lang='lat' dir='ltr'><strong>lucubratio</strong></span> <span class='ocrx_word' id='word_1_45' title='bbox 942 1022 1000 1074; x_wconf 87' lang='lat' dir='ltr'><strong>est:</strong></span> <span class='ocrx_word' id='word_1_46' title='bbox 1024 1015 1054 1074; x_wconf 91' lang='lat' dir='ltr'><strong>in</strong></span> <span class='ocrx_word' id='word_1_47' title='bbox 1072 1015 1204 1097; x_wconf 87' lang='lat' dir='ltr'><strong>reliquis</strong></span> <span class='ocrx_word' id='word_1_48' title='bbox 1230 1018 1373 1098; x_wconf 81' lang='lat' dir='ltr'><strong>pleraque</strong></span> 
     </span>
     <span class='ocr_line' id='line_1_7' title="bbox 275 1097 1370 1181; baseline 0.001 -22"><span class='ocrx_word' id='word_1_49' title='bbox 275 1098 396 1181; x_wconf 83' lang='lat' dir='ltr'><strong>affinia,</strong></span> <span class='ocrx_word' id='word_1_50' title='bbox 420 1100 606 1180; x_wconf 83' lang='lat' dir='ltr'><strong>plerumque</strong></span> <span class='ocrx_word' id='word_1_51' title='bbox 628 1101 723 1162; x_wconf 90' lang='lat' dir='ltr'><strong>etiam</strong></span> <span class='ocrx_word' id='word_1_52' title='bbox 739 1098 847 1160; x_wconf 87' lang='lat' dir='ltr'><strong>iisdem</strong></span> <span class='ocrx_word' id='word_1_53' title='bbox 864 1097 966 1159; x_wconf 87' lang='lat' dir='ltr'><strong>verbis</strong></span> <span class='ocrx_word' id='word_1_54' title='bbox 983 1107 1150 1180; x_wconf 87' lang='lat' dir='ltr'><strong>concepta,</strong></span> <span class='ocrx_word' id='word_1_55' title='bbox 1175 1108 1233 1159; x_wconf 89' lang='lat' dir='ltr'><strong>aut</strong></span> <span class='ocrx_word' id='word_1_56' title='bbox 1256 1121 1293 1161; x_wconf 81' lang='lat' dir='ltr'><strong>ex</strong></span> <span class='ocrx_word' id='word_1_57' title='bbox 1317 1100 1370 1160; x_wconf 81' lang='lat' dir='ltr'><strong>aliis</strong></span> 
     </span>
     <span class='ocr_line' id='line_1_8' title="bbox 274 1182 1369 1265; baseline 0.001 -21"><span class='ocrx_word' id='word_1_58' title='bbox 274 1184 333 1244; x_wconf 89' lang='lat' dir='ltr'><strong>alia</strong></span> <span class='ocrx_word' id='word_1_59' title='bbox 356 1184 436 1243; x_wconf 83' lang='lat' dir='ltr'><strong>facta</strong></span> <span class='ocrx_word' id='word_1_60' title='bbox 452 1184 604 1265; x_wconf 80' lang='lat' dir='ltr'><strong>tantisper</strong></span> <span class='ocrx_word' id='word_1_61' title='bbox 624 1185 750 1244; x_wconf 87' lang='lat' dir='ltr'><strong>mutatis</strong></span> <span class='ocrx_word' id='word_1_62' title='bbox 765 1182 904 1259; x_wconf 87' lang='lat' dir='ltr'><strong>vocibus,</strong></span> <span class='ocrx_word' id='word_1_63' title='bbox 924 1191 961 1242; x_wconf 89' lang='lat' dir='ltr'><strong>ut</strong></span> <span class='ocrx_word' id='word_1_64' title='bbox 981 1183 1115 1243; x_wconf 86' lang='lat' dir='ltr'><strong>alterum</strong></span> <span class='ocrx_word' id='word_1_65' title='bbox 1135 1182 1272 1244; x_wconf 87' lang='lat' dir='ltr'><strong>alterius</strong></span> <span class='ocrx_word' id='word_1_66' title='bbox 1295 1207 1369 1244; x_wconf 83' lang='lat' dir='ltr'><strong>usum</strong></span> 
     </span>
     <span class='ocr_line' id='line_1_9' title="bbox 275 1265 1368 1348; baseline 0.002 -22"><span class='ocrx_word' id='word_1_67' title='bbox 275 1265 434 1328; x_wconf 82' lang='lat' dir='ltr'><strong>laboribus</strong></span> <span class='ocrx_word' id='word_1_68' title='bbox 457 1267 645 1329; x_wconf 84' lang='lat' dir='ltr'><strong>accessesit.</strong></span> <span class='ocrx_word' id='word_1_69' title='bbox 689 1266 889 1328; x_wconf 87' lang='lat' dir='ltr'><strong>afusiuribus</strong></span> <span class='ocrx_word' id='word_1_70' title='bbox 910 1265 987 1326; x_wconf 90' lang='lat' dir='ltr'><strong>mihi</strong></span> <span class='ocrx_word' id='word_1_71' title='bbox 1008 1265 1096 1328; x_wconf 88' lang='lat' dir='ltr'><strong>Notis</strong></span> <span class='ocrx_word' id='word_1_72' title='bbox 1120 1269 1368 1348; x_wconf 86' lang='lat' dir='ltr'><strong>temperandum,</strong></span> 
     </span>
     <span class='ocr_line' id='line_1_10' title="bbox 275 1348 1367 1434; baseline 0 -24"><span class='ocrx_word' id='word_1_73' title='bbox 275 1351 310 1410; x_wconf 89' lang='lat' dir='ltr'><strong>iis</strong></span> <span class='ocrx_word' id='word_1_74' title='bbox 338 1350 487 1412; x_wconf 81' lang='lat' dir='ltr'><strong>duntaxat</strong></span> <span class='ocrx_word' id='word_1_75' title='bbox 515 1351 675 1427; x_wconf 85' lang='lat' dir='ltr'><strong>breviter,</strong></span> <span class='ocrx_word' id='word_1_76' title='bbox 697 1348 801 1434; x_wconf 87' lang='lat' dir='ltr'><strong>quoad</strong></span> <span class='ocrx_word' id='word_1_77' title='bbox 833 1349 949 1425; x_wconf 86' lang='lat' dir='ltr'><strong>licebit,</strong></span> <span class='ocrx_word' id='word_1_78' title='bbox 986 1349 1132 1431; x_wconf 80' lang='lat' dir='ltr'><strong>expositis</strong></span> <span class='ocrx_word' id='word_1_79' title='bbox 1158 1373 1248 1433; x_wconf 87' lang='lat' dir='ltr'><strong>quae</strong></span> <span class='ocrx_word' id='word_1_80' title='bbox 1271 1352 1367 1413; x_wconf 86' lang='lat' dir='ltr'><strong>lecturi</strong></span> 
     </span>
     <span class='ocr_line' id='line_1_11' title="bbox 275 1432 1368 1516; baseline 0.001 -23"><span class='ocrx_word' id='word_1_81' title='bbox 275 1455 396 1494; x_wconf 87' lang='lat' dir='ltr'><strong>moram</strong></span> <span class='ocrx_word' id='word_1_82' title='bbox 411 1434 547 1516; x_wconf 82' lang='lat' dir='ltr'><strong>iniicere</strong></span> <span class='ocrx_word' id='word_1_83' title='bbox 566 1443 701 1515; x_wconf 83' lang='lat' dir='ltr'><strong>possent,</strong></span> <span class='ocrx_word' id='word_1_84' title='bbox 721 1455 774 1494; x_wconf 87' lang='lat' dir='ltr'><strong>sua</strong></span> <span class='ocrx_word' id='word_1_85' title='bbox 798 1435 859 1494; x_wconf 88' lang='lat' dir='ltr'><strong>iam</strong></span> <span class='ocrx_word' id='word_1_86' title='bbox 881 1432 963 1495; x_wconf 86' lang='lat' dir='ltr'><strong>mole</strong></span> <span class='ocrx_word' id='word_1_87' title='bbox 986 1434 1175 1515; x_wconf 90' lang='lat' dir='ltr'><strong>importuno</strong></span> <span class='ocrx_word' id='word_1_88' title='bbox 1199 1436 1271 1497; x_wconf 82' lang='lat' dir='ltr'><strong>lere</strong></span> <span class='ocrx_word' id='word_1_89' title='bbox 1292 1436 1368 1497; x_wconf 78' lang='lat' dir='ltr'><strong>volu·</strong></span> 
     </span>
     <span class='ocr_line' id='line_1_12' title="bbox 273 1517 1366 1602; baseline 0 -24"><span class='ocrx_word' id='word_1_90' title='bbox 273 1519 376 1594; x_wconf 86' lang='lat' dir='ltr'><strong>mine,</strong></span> <span class='ocrx_word' id='word_1_91' title='bbox 412 1540 448 1579; x_wconf 88' lang='lat' dir='ltr'><strong>ac</strong></span> <span class='ocrx_word' id='word_1_92' title='bbox 478 1539 549 1579; x_wconf 92' lang='lat' dir='ltr'><strong>cnm</strong></span> <span class='ocrx_word' id='word_1_93' title='bbox 572 1520 714 1579; x_wconf 88' lang='lat' dir='ltr'><strong>futurum</strong></span> <span class='ocrx_word' id='word_1_94' title='bbox 745 1517 785 1578; x_wconf 89' lang='lat' dir='ltr'><strong>sit</strong></span> <span class='ocrx_word' id='word_1_95' title='bbox 806 1524 842 1577; x_wconf 92' lang='lat' dir='ltr'><strong>ut</strong></span> <span class='ocrx_word' id='word_1_96' title='bbox 864 1517 897 1577; x_wconf 91' lang='lat' dir='ltr'><strong>in</strong></span> <span class='ocrx_word' id='word_1_97' title='bbox 918 1518 1059 1599; x_wconf 87' lang='lat' dir='ltr'><strong>sequenti</strong></span> <span class='ocrx_word' id='word_1_98' title='bbox 1088 1518 1207 1579; x_wconf 89' lang='lat' dir='ltr'><strong>eadem</strong></span> <span class='ocrx_word' id='word_1_99' title='bbox 1232 1519 1366 1602; x_wconf 82' lang='lat' dir='ltr'><strong>perplura</strong></span> 
     </span>
     <span class='ocr_line' id='line_1_13' title="bbox 273 1599 1366 1686; baseline 0.001 -24"><span class='ocrx_word' id='word_1_100' title='bbox 273 1613 451 1678; x_wconf 84' lang='lat' dir='ltr'><strong>recurrant,</strong></span> <span class='ocrx_word' id='word_1_101' title='bbox 473 1614 527 1665; x_wconf 89' lang='lat' dir='ltr'><strong>aut</strong></span> <span class='ocrx_word' id='word_1_102' title='bbox 551 1602 662 1686; x_wconf 89' lang='lat' dir='ltr'><strong>quibus</strong></span> <span class='ocrx_word' id='word_1_103' title='bbox 683 1600 760 1664; x_wconf 89' lang='lat' dir='ltr'><strong>haec</strong></span> <span class='ocrx_word' id='word_1_104' title='bbox 780 1599 1083 1666; x_wconf 87' lang='lat' dir='ltr'><strong>essentillustranda.</strong></span> <span class='ocrx_word' id='word_1_105' title='bbox 1131 1603 1254 1664; x_wconf 83' lang='lat' dir='ltr'><strong>Leonis</strong></span> <span class='ocrx_word' id='word_1_106' title='bbox 1273 1609 1366 1665; x_wconf 79' lang='lat' dir='ltr'><strong>Arne-</strong></span> 
     </span>
     <span class='ocr_line' id='line_1_14' title="bbox 273 1685 1364 1769; baseline -0.001 -23"><span class='ocrx_word' id='word_1_107' title='bbox 273 1686 303 1746; x_wconf 91' lang='lat' dir='ltr'><strong>ni</strong></span> <span class='ocrx_word' id='word_1_108' title='bbox 324 1686 557 1762; x_wconf 58' lang='lat' dir='ltr'><strong>vita,‘subiecta</strong></span> <span class='ocrx_word' id='word_1_109' title='bbox 576 1685 777 1769; x_wconf 84' lang='lat' dir='ltr'><strong>Theophanis</strong></span> <span class='ocrx_word' id='word_1_110' title='bbox 799 1686 900 1766; x_wconf 89' lang='lat' dir='ltr'><strong>operi,</strong></span> <span class='ocrx_word' id='word_1_111' title='bbox 920 1685 1042 1746; x_wconf 86' lang='lat' dir='ltr'><strong>incerto</strong></span> <span class='ocrx_word' id='word_1_112' title='bbox 1064 1694 1206 1748; x_wconf 89' lang='lat' dir='ltr'><strong>auctore</strong></span> <span class='ocrx_word' id='word_1_113' title='bbox 1231 1710 1267 1748; x_wconf 81' lang='lat' dir='ltr'><strong>er</strong></span> <span class='ocrx_word' id='word_1_114' title='bbox 1286 1688 1364 1769; x_wconf 79' lang='lat' dir='ltr'><strong>Regio</strong></span> 
     </span>
     <span class='ocr_line' id='line_1_15' title="bbox 272 1768 1364 1852; baseline 0 -22"><span class='ocrx_word' id='word_1_115' title='bbox 272 1769 441 1851; x_wconf 86' lang='lat' dir='ltr'><strong>producta,</strong></span> <span class='ocrx_word' id='word_1_116' title='bbox 457 1771 544 1852; x_wconf 88' lang='lat' dir='ltr'><strong>prius</strong></span> <span class='ocrx_word' id='word_1_117' title='bbox 566 1770 633 1852; x_wconf 72' lang='lat' dir='ltr'><strong>i&#39;p‘sa</strong></span> <span class='ocrx_word' id='word_1_118' title='bbox 644 1768 846 1848; x_wconf 81' lang='lat' dir='ltr'><strong>recensenda,</strong></span> <span class='ocrx_word' id='word_1_119' title='bbox 871 1791 951 1852; x_wconf 86' lang='lat' dir='ltr'><strong>quae</strong></span> <span class='ocrx_word' id='word_1_120' title='bbox 972 1774 1030 1831; x_wconf 83' lang='lat' dir='ltr'><strong>nec</strong></span> <span class='ocrx_word' id='word_1_121' title='bbox 1048 1769 1117 1851; x_wconf 88' lang='lat' dir='ltr'><strong>ipsa</strong></span> <span class='ocrx_word' id='word_1_122' title='bbox 1129 1771 1311 1852; x_wconf 83' lang='lat' dir='ltr'><strong>spernenda</strong></span> <span class='ocrx_word' id='word_1_123' title='bbox 1324 1777 1364 1832; x_wconf 81' lang='lat' dir='ltr'><strong>ert</strong></span> 
     </span>
    </p>
   </div>
   <div class='ocr_carea' id='block_1_3' title="bbox 272 1864 1362 2121">
    <p class='ocr_par' dir='ltr' id='par_1_3' title="bbox 272 1864 1362 2121">
     <span class='ocr_line' id='line_1_16' title="bbox 355 1864 1362 1957; baseline -0.002 -26"><span class='ocrx_word' id='word_1_124' title='bbox 355 1871 370 1931; x_wconf 92' lang='lat'>1</span> <span class='ocrx_word' id='word_1_125' title='bbox 414 1866 470 1931; x_wconf 78' lang='grc' dir='ltr'><strong>καὶ</strong></span> <span class='ocrx_word' id='word_1_126' title='bbox 490 1868 597 1932; x_wconf 79' lang='grc' dir='ltr'><strong>λοιπὸν</strong></span> <span class='ocrx_word' id='word_1_127' title='bbox 625 1864 774 1949; x_wconf 55' lang='lat' dir='ltr'><strong>Molaria]</strong></span> <span class='ocrx_word' id='word_1_128' title='bbox 797 1870 839 1932; x_wconf 87' lang='lat' dir='ltr'><strong>ita</strong></span> <span class='ocrx_word' id='word_1_129' title='bbox 856 1893 902 1932; x_wconf 88' lang='lat' dir='ltr'><strong>ms</strong></span> <span class='ocrx_word' id='word_1_130' title='bbox 922 1869 993 1932; x_wconf 87' lang='lat' dir='ltr'><strong>cod.</strong></span> <span class='ocrx_word' id='word_1_131' title='bbox 1016 1871 1070 1954; x_wconf 88' lang='lat' dir='ltr'><strong>qui</strong></span> <span class='ocrx_word' id='word_1_132' title='bbox 1086 1870 1208 1932; x_wconf 89' lang='lat' dir='ltr'><strong>modus</strong></span> <span class='ocrx_word' id='word_1_133' title='bbox 1233 1871 1362 1957; x_wconf 87' lang='lat' dir='ltr'><strong>loquendi</strong></span> 
     </span>
     <span class='ocr_line' id='line_1_17' title="bbox 272 1950 1360 2098; baseline 0.002 -86"><span class='ocrx_word' id='word_1_134' title='bbox 272 1950 388 2014; x_wconf 89' lang='lat' dir='ltr'><strong>indicat</strong></span> <span class='ocrx_word' id='word_1_135' title='bbox 409 1976 472 2016; x_wconf 86' lang='lat' dir='ltr'><strong>esse</strong></span> <span class='ocrx_word' id='word_1_136' title='bbox 491 1953 623 2053; x_wconf 73' lang='lat' dir='ltr'><strong>haecex</strong></span> <span class='ocrx_word' id='word_1_137' title='bbox 637 1954 783 2098; x_wconf 67' lang='lat' dir='ltr'><strong>pleniori</strong></span> <span class='ocrx_word' id='word_1_138' title='bbox 806 1954 948 2051; x_wconf 82' lang='lat' dir='ltr'><strong>historia,</strong></span> <span class='ocrx_word' id='word_1_139' title='bbox 972 1954 1012 2015; x_wconf 87' lang='lat' dir='ltr'><strong>ad</strong></span> <span class='ocrx_word' id='word_1_140' title='bbox 1035 1956 1297 2038; x_wconf 90' lang='lat' dir='ltr'><strong>supplementum</strong></span> <span class='ocrx_word' id='word_1_141' title='bbox 1316 1955 1360 2016; x_wconf 84' lang='lat' dir='ltr'><strong>ali-</strong></span> 
     </span>
     <span class='ocr_line' id='line_1_18' title="bbox 272 2037 1020 2121; baseline 0.005 -25"><span class='ocrx_word' id='word_1_142' title='bbox 272 2037 359 2120; x_wconf 89' lang='lat' dir='ltr'><strong>quod</strong></span> <span class='ocrx_word' id='word_1_143' title='bbox 384 2037 618 2121; x_wconf 80' lang='lat' dir='ltr'><strong>Chronolograe</strong></span> <span class='ocrx_word' id='word_1_144' title='bbox 667 2037 847 2120; x_wconf 82' lang='lat' dir='ltr'><strong>beophanrs,</strong></span> <span class='ocrx_word' id='word_1_145' title='bbox 870 2046 1020 2100; x_wconf 79' lang='lat' dir='ltr'><strong>extracta.</strong></span> 
     </span>
    </p>
   </div>
   <div class='ocr_carea' id='block_1_4' title="bbox 266 2137 1354 2723">
    <p class='ocr_par' dir='ltr' id='par_1_4' title="bbox 266 2137 1354 2723">
     <span class='ocr_line' id='line_1_19' title="bbox 354 2137 1350 2226; baseline -0.002 -27"><span class='ocrx_word' id='word_1_146' title='bbox 354 2138 373 2199; x_wconf 71' lang='lat'><strong>2</strong></span> <span class='ocrx_word' id='word_1_147' title='bbox 417 2139 526 2200; x_wconf 89' lang='lat' dir='ltr'><strong>lacuna</strong></span> <span class='ocrx_word' id='word_1_148' title='bbox 556 2139 648 2200; x_wconf 86' lang='lat' dir='ltr'><strong>facile</strong></span> <span class='ocrx_word' id='word_1_149' title='bbox 675 2138 836 2201; x_wconf 88' lang='lat' dir='ltr'><strong>sarcienda</strong></span> <span class='ocrx_word' id='word_1_150' title='bbox 867 2161 903 2201; x_wconf 83' lang='lat' dir='ltr'><strong>ex</strong></span> <span class='ocrx_word' id='word_1_151' title='bbox 929 2137 1153 2220; x_wconf 86' lang='lat' dir='ltr'><strong>Theophane,</strong></span> <span class='ocrx_word' id='word_1_152' title='bbox 1179 2142 1241 2226; x_wconf 90' lang='lat' dir='ltr'><strong>qui</strong></span> <span class='ocrx_word' id='word_1_153' title='bbox 1262 2140 1350 2217; x_wconf 79' lang='lat' dir='ltr'><strong>etipse</strong></span> 
     </span>
     <span class='ocr_line' id='line_1_20' title="bbox 268 2221 1349 2321; baseline 0 -39"><span class='ocrx_word' id='word_1_154' title='bbox 268 2221 373 2303; x_wconf 84' lang='lat' dir='ltr'><strong>primo</strong></span> <span class='ocrx_word' id='word_1_155' title='bbox 397 2221 553 2284; x_wconf 67' lang='lat' dir='ltr'><strong>Michaelis</strong></span> <span class='ocrx_word' id='word_1_156' title='bbox 577 2245 658 2284; x_wconf 88' lang='lat' dir='ltr'><strong>anno</strong></span> <span class='ocrx_word' id='word_1_157' title='bbox 683 2232 873 2284; x_wconf 84' lang='lat' dir='ltr'><strong>coronatum</strong></span> <span class='ocrx_word' id='word_1_158' title='bbox 901 2222 946 2284; x_wconf 88' lang='lat' dir='ltr'><strong>ait</strong></span> <span class='ocrx_word' id='word_1_159' title='bbox 967 2224 1030 2284; x_wconf 89' lang='lat' dir='ltr'><strong>eius</strong></span> <span class='ocrx_word' id='word_1_160' title='bbox 1052 2222 1156 2283; x_wconf 87' lang='lat' dir='ltr'><strong>tilium</strong></span> <span class='ocrx_word' id='word_1_161' title='bbox 1182 2221 1349 2321; x_wconf 61' lang='lat' dir='ltr'><strong>Theapbpla·</strong></span> 
     </span>
     <span class='ocr_line' id='line_1_21' title="bbox 269 2305 1350 2390; baseline 0.003 -24"><span class='ocrx_word' id='word_1_162' title='bbox 269 2314 354 2367; x_wconf 88' lang='lat' dir='ltr'><strong>ctum</strong></span> <span class='ocrx_word' id='word_1_163' title='bbox 376 2306 425 2369; x_wconf 87' lang='lat' dir='ltr'><strong>die</strong></span> <span class='ocrx_word' id='word_1_164' title='bbox 459 2306 498 2367; x_wconf 76' lang='lat'><strong>95</strong></span> <span class='ocrx_word' id='word_1_165' title='bbox 518 2306 719 2368; x_wconf 84' lang='lat' dir='ltr'><strong>Decembris:</strong></span> <span class='ocrx_word' id='word_1_166' title='bbox 742 2307 885 2390; x_wconf 87' lang='lat' dir='ltr'><strong>adeoque</strong></span> <span class='ocrx_word' id='word_1_167' title='bbox 917 2306 1070 2389; x_wconf 89' lang='lat' dir='ltr'><strong>scriptum</strong></span> <span class='ocrx_word' id='word_1_168' title='bbox 1095 2307 1136 2368; x_wconf 86' lang='lat' dir='ltr'><strong>sit</strong></span> <span class='ocrx_word' id='word_1_169' title='bbox 1162 2305 1216 2380; x_wconf 75' lang='grc' dir='ltr'><strong>εἰς</strong></span> <span class='ocrx_word' id='word_1_170' title='bbox 1236 2305 1350 2384; x_wconf 66' lang='lat' dir='ltr'><strong>ritate-</strong></span> 
     </span>
     <span class='ocr_line' id='line_1_22' title="bbox 266 2383 1354 2470; baseline -0.001 -20"><span class='ocrx_word' id='word_1_171' title='bbox 266 2383 325 2460; x_wconf 72' lang='grc' dir='ltr'><strong>τὰς</strong></span> <span class='ocrx_word' id='word_1_172' title='bbox 345 2390 406 2452; x_wconf 76' lang='grc' dir='ltr'><strong>τῶν</strong></span> <span class='ocrx_word' id='word_1_173' title='bbox 427 2388 573 2470; x_wconf 76' lang='grc' dir='ltr'><strong><em>Χριστοῦ</em></strong></span> <span class='ocrx_word' id='word_1_174' title='bbox 599 2391 735 2469; x_wconf 77' lang='grc' dir='ltr'><em>γεννῶν,</em></span> <span class='ocrx_word' id='word_1_175' title='bbox 755 2391 811 2451; x_wconf 84' lang='lat' dir='ltr'><strong>nisi</strong></span> <span class='ocrx_word' id='word_1_176' title='bbox 842 2401 956 2451; x_wconf 87' lang='lat' dir='ltr'><strong>auctor</strong></span> <span class='ocrx_word' id='word_1_177' title='bbox 985 2391 1130 2451; x_wconf 77' lang='lat' dir='ltr'><strong>affectatu</strong></span> <span class='ocrx_word' id='word_1_178' title='bbox 1153 2393 1304 2456; x_wconf 81' lang='lat' dir='ltr'><strong>brevitate</strong></span> <span class='ocrx_word' id='word_1_179' title='bbox 1321 2392 1354 2451; x_wconf 78' lang='lat' dir='ltr'><strong>sic</strong></span> 
     </span>
     <span class='ocr_line' id='line_1_23' title="bbox 267 2469 1353 2555; baseline 0.003 -25"><span class='ocrx_word' id='word_1_180' title='bbox 267 2471 388 2534; x_wconf 87' lang='lat' dir='ltr'><strong>locutus</strong></span> <span class='ocrx_word' id='word_1_181' title='bbox 411 2484 475 2550; x_wconf 88' lang='lat' dir='ltr'><strong>est,</strong></span> <span class='ocrx_word' id='word_1_182' title='bbox 500 2483 535 2534; x_wconf 89' lang='lat' dir='ltr'><strong>ut</strong></span> <span class='ocrx_word' id='word_1_183' title='bbox 558 2482 588 2533; x_wconf 90' lang='lat' dir='ltr'><strong>et</strong></span> <span class='ocrx_word' id='word_1_184' title='bbox 609 2474 689 2533; x_wconf 77' lang='lat' dir='ltr'><strong>intra</strong></span> <span class='ocrx_word' id='word_1_185' title='bbox 715 2497 745 2555; x_wconf 87' lang='lat' dir='ltr'><strong>p.</strong></span> <span class='ocrx_word' id='word_1_186' title='bbox 768 2469 831 2535; x_wconf 80' lang='grc'><strong>433</strong></span> <span class='ocrx_word' id='word_1_187' title='bbox 856 2476 993 2539; x_wconf 87' lang='lat' dir='ltr'><strong>Leonem</strong></span> <span class='ocrx_word' id='word_1_188' title='bbox 1014 2495 1194 2537; x_wconf 88' lang='lat' dir='ltr'><strong>coronasse</strong></span> <span class='ocrx_word' id='word_1_189' title='bbox 1219 2478 1306 2538; x_wconf 86' lang='lat' dir='ltr'><strong>filium</strong></span> <span class='ocrx_word' id='word_1_190' title='bbox 1321 2475 1353 2534; x_wconf 81' lang='lat' dir='ltr'><strong>ait</strong></span> 
     </span>
     <span class='ocr_line' id='line_1_24' title="bbox 267 2549 1354 2645; baseline 0.002 -29"><span class='ocrx_word' id='word_1_191' title='bbox 267 2553 462 2639; x_wconf 75' lang='grc' dir='ltr'><strong>φθοσὰνιιον</strong></span> <span class='ocrx_word' id='word_1_192' title='bbox 491 2557 554 2618; x_wconf 80' lang='grc' dir='ltr'><strong>τῶν</strong></span> <span class='ocrx_word' id='word_1_193' title='bbox 578 2549 716 2635; x_wconf 76' lang='grc' dir='ltr'><strong>ἓορτῶν;</strong></span> <span class='ocrx_word' id='word_1_194' title='bbox 753 2559 930 2640; x_wconf 85' lang='lat' dir='ltr'><strong>iterumque</strong></span> <span class='ocrx_word' id='word_1_195' title='bbox 960 2557 1072 2619; x_wconf 90' lang='lat' dir='ltr'><strong>eodem</strong></span> <span class='ocrx_word' id='word_1_196' title='bbox 1094 2560 1202 2622; x_wconf 89' lang='lat' dir='ltr'><strong>modo</strong></span> <span class='ocrx_word' id='word_1_197' title='bbox 1228 2561 1354 2645; x_wconf 82' lang='lat' dir='ltr'><strong>loquitur,</strong></span> 
     </span>
     <span class='ocr_line' id='line_1_25' title="bbox 268 2640 1166 2723; baseline 0.002 -22"><span class='ocrx_word' id='word_1_198' title='bbox 268 2661 339 2701; x_wconf 88' lang='lat' dir='ltr'><strong>curn</strong></span> <span class='ocrx_word' id='word_1_199' title='bbox 362 2641 401 2702; x_wconf 92' lang='lat' dir='ltr'><strong>de</strong></span> <span class='ocrx_word' id='word_1_200' title='bbox 423 2640 501 2700; x_wconf 89' lang='lat' dir='ltr'><strong>illius</strong></span> <span class='ocrx_word' id='word_1_201' title='bbox 521 2642 593 2701; x_wconf 88' lang='lat' dir='ltr'><strong>licta</strong></span> <span class='ocrx_word' id='word_1_202' title='bbox 616 2641 717 2701; x_wconf 85' lang='lat' dir='ltr'><strong>crucis</strong></span> <span class='ocrx_word' id='word_1_203' title='bbox 740 2663 776 2702; x_wconf 88' lang='lat' dir='ltr'><strong>ac</strong></span> <span class='ocrx_word' id='word_1_204' title='bbox 799 2642 938 2723; x_wconf 80' lang='lat' dir='ltr'><strong>imaginis</strong></span> <span class='ocrx_word' id='word_1_205' title='bbox 962 2640 1166 2703; x_wconf 88' lang='lat' dir='ltr'><strong>adoratione.</strong></span> 
     </span>
    </p>
   </div>
   <div class='ocr_carea' id='block_1_5' title="bbox 269 2736 1354 2906">
    <p class='ocr_par' dir='ltr' id='par_1_5' title="bbox 269 2736 1354 2906">
     <span class='ocr_line' id='line_1_26' title="bbox 351 2736 1354 2829; baseline 0.003 -29"><span class='ocrx_word' id='word_1_206' title='bbox 351 2738 371 2800; x_wconf 85' lang='grc'>3</span> <span class='ocrx_word' id='word_1_207' title='bbox 413 2740 586 2811; x_wconf 72' lang='grc' dir='ltr'><strong>ποιοῦντες·</strong></span> <span class='ocrx_word' id='word_1_208' title='bbox 605 2736 826 2820; x_wconf 73' lang='grc' dir='ltr'><strong><em>μαῖουμοὶδος,</em></strong></span> <span class='ocrx_word' id='word_1_209' title='bbox 849 2742 930 2801; x_wconf 75' lang='lat' dir='ltr'><strong>Maii</strong></span> <span class='ocrx_word' id='word_1_210' title='bbox 954 2739 1101 2802; x_wconf 78' lang='lat' dir='ltr'><strong>kalendas</strong></span> <span class='ocrx_word' id='word_1_211' title='bbox 1128 2745 1271 2829; x_wconf 66' lang='grc' dir='ltr'><strong>ΐνᾲνιιᾰίο</strong></span> <span class='ocrx_word' id='word_1_212' title='bbox 1297 2743 1354 2805; x_wconf 73' lang='lat' dir='ltr'><strong>cete</strong></span> 
     </span>
     <span class='ocr_line' id='line_1_27' title="bbox 269 2823 1338 2906; baseline 0.005 -24"><span class='ocrx_word' id='word_1_213' title='bbox 269 2823 406 2884; x_wconf 80' lang='lat' dir='ltr'><strong>brumes:</strong></span> <span class='ocrx_word' id='word_1_214' title='bbox 440 2823 479 2884; x_wconf 89' lang='lat' dir='ltr'><strong>de</strong></span> <span class='ocrx_word' id='word_1_215' title='bbox 499 2823 562 2906; x_wconf 81' lang='lat' dir='ltr'><strong>qud</strong></span> <span class='ocrx_word' id='word_1_216' title='bbox 584 2826 717 2904; x_wconf 84' lang='lat' dir='ltr'><strong>profana</strong></span> <span class='ocrx_word' id='word_1_217' title='bbox 739 2826 920 2886; x_wconf 80' lang='lat' dir='ltr'><strong>celebritate</strong></span> <span class='ocrx_word' id='word_1_218' title='bbox 941 2824 1104 2901; x_wconf 85' lang='lat' dir='ltr'><strong>hleursius,</strong></span> <span class='ocrx_word' id='word_1_219' title='bbox 1126 2827 1276 2890; x_wconf 88' lang='lat' dir='ltr'><strong>Lacerda</strong></span> <span class='ocrx_word' id='word_1_220' title='bbox 1298 2838 1338 2891; x_wconf 88' lang='lat' dir='ltr'><strong>etc</strong></span> 
     </span>
    </p>
   </div>
   <div class='ocr_carea' id='block_1_6' title="bbox 262 2917 1389 4043">
    <p class='ocr_par' dir='ltr' id='par_1_6' title="bbox 263 2917 1354 3506">
     <span class='ocr_line' id='line_1_28' title="bbox 349 2917 1346 3007; baseline 0.007 -24"><span class='ocrx_word' id='word_1_221' title='bbox 349 2918 371 2983; x_wconf 81' lang='grc'><strong>4</strong></span> <span class='ocrx_word' id='word_1_222' title='bbox 413 2919 470 2983; x_wconf 84' lang='grc' dir='ltr'><em>καί</em></span> <span class='ocrx_word' id='word_1_223' title='bbox 487 2919 598 2984; x_wconf 79' lang='grc' dir='ltr'><strong>λοιπὸν</strong></span> <span class='ocrx_word' id='word_1_224' title='bbox 629 2921 748 2994; x_wconf 80' lang='grc' dir='ltr'><em>ἰδόντες</em></span> <span class='ocrx_word' id='word_1_225' title='bbox 776 2917 891 3003; x_wconf 77' lang='grc' dir='ltr'><em>πάντα]</em></span> <span class='ocrx_word' id='word_1_226' title='bbox 922 2924 1042 2987; x_wconf 87' lang='lat' dir='ltr'><strong>dehac</strong></span> <span class='ocrx_word' id='word_1_227' title='bbox 1069 2925 1346 3007; x_wconf 71' lang='lat' dir='ltr'><strong>Orientalium,a</strong></span> 
     </span>
     <span class='ocr_line' id='line_1_29' title="bbox 268 3007 1350 3090; baseline 0.005 -23"><span class='ocrx_word' id='word_1_228' title='bbox 268 3028 402 3090; x_wconf 88' lang='lat' dir='ltr'><strong>rumque</strong></span> <span class='ocrx_word' id='word_1_229' title='bbox 423 3007 516 3067; x_wconf 89' lang='lat' dir='ltr'><strong>Ducis</strong></span> <span class='ocrx_word' id='word_1_230' title='bbox 542 3007 653 3068; x_wconf 84' lang='lat' dir='ltr'><strong>Leonis</strong></span> <span class='ocrx_word' id='word_1_231' title='bbox 669 3010 793 3068; x_wconf 81' lang='lat' dir='ltr'><strong>Armeni</strong></span> <span class='ocrx_word' id='word_1_232' title='bbox 819 3008 993 3071; x_wconf 88' lang='lat' dir='ltr'><strong>delectione</strong></span> <span class='ocrx_word' id='word_1_233' title='bbox 1017 3030 1080 3069; x_wconf 89' lang='lat' dir='ltr'><strong>nou</strong></span> <span class='ocrx_word' id='word_1_234' title='bbox 1104 3031 1221 3074; x_wconf 87' lang='lat' dir='ltr'><strong>omnes</strong></span> <span class='ocrx_word' id='word_1_235' title='bbox 1246 3033 1350 3077; x_wconf 79' lang='lat' dir='ltr'><strong>consu·</strong></span> 
     </span>
     <span class='ocr_line' id='line_1_30' title="bbox 267 3091 1352 3182; baseline 0.001 -30"><span class='ocrx_word' id='word_1_236' title='bbox 267 3091 360 3152; x_wconf 86' lang='lat' dir='ltr'><strong>tiunt.</strong></span> <span class='ocrx_word' id='word_1_237' title='bbox 413 3112 483 3151; x_wconf 87' lang='lat' dir='ltr'><strong>cum</strong></span> <span class='ocrx_word' id='word_1_238' title='bbox 518 3102 649 3152; x_wconf 81' lang='lat' dir='ltr'><strong>auctore</strong></span> <span class='ocrx_word' id='word_1_239' title='bbox 683 3091 757 3152; x_wconf 85' lang='lat' dir='ltr'><strong>lucit</strong></span> <span class='ocrx_word' id='word_1_240' title='bbox 785 3095 919 3174; x_wconf 83' lang='lat' dir='ltr'><strong>lguatius</strong></span> <span class='ocrx_word' id='word_1_241' title='bbox 944 3092 1112 3166; x_wconf 84' lang='lat' dir='ltr'><strong>diaconus,</strong></span> <span class='ocrx_word' id='word_1_242' title='bbox 1141 3117 1180 3157; x_wconf 80' lang='lat' dir='ltr'><strong>ex</strong></span> <span class='ocrx_word' id='word_1_243' title='bbox 1205 3122 1272 3182; x_wconf 89' lang='lat' dir='ltr'><strong>quo</strong></span> <span class='ocrx_word' id='word_1_244' title='bbox 1297 3101 1352 3157; x_wconf 74' lang='lat' dir='ltr'><strong>lone</strong></span> 
     </span>
     <span class='ocr_line' id='line_1_31' title="bbox 266 3170 1351 3263; baseline 0.004 -29"><span class='ocrx_word' id='word_1_245' title='bbox 266 3174 426 3257; x_wconf 86' lang='lat' dir='ltr'><strong>acceperit</strong></span> <span class='ocrx_word' id='word_1_246' title='bbox 452 3175 526 3257; x_wconf 88' lang='lat' dir='ltr'><strong>ipse,</strong></span> <span class='ocrx_word' id='word_1_247' title='bbox 551 3184 591 3248; x_wconf 50' lang='lat' dir='ltr'><strong>ut¹</strong></span> <span class='ocrx_word' id='word_1_248' title='bbox 610 3186 640 3235; x_wconf 88' lang='lat' dir='ltr'><strong>et</strong></span> <span class='ocrx_word' id='word_1_249' title='bbox 655 3175 832 3237; x_wconf 87' lang='lat' dir='ltr'><strong>Cedreuus:</strong></span> <span class='ocrx_word' id='word_1_250' title='bbox 857 3176 936 3254; x_wconf 75' lang='grc' dir='ltr'><strong>πρὸς</strong></span> <span class='ocrx_word' id='word_1_251' title='bbox 958 3171 1032 3249; x_wconf 76' lang='grc' dir='ltr'><strong>τούς</strong></span> <span class='ocrx_word' id='word_1_252' title='bbox 1053 3176 1108 3237; x_wconf 83' lang='lat' dir='ltr'><strong>a’ni</strong></span> <span class='ocrx_word' id='word_1_253' title='bbox 1131 3176 1185 3257; x_wconf 83' lang='grc' dir='ltr'><strong>Θρ</strong></span> <span class='ocrx_word' id='word_1_254' title='bbox 1202 3179 1273 3263; x_wconf 63' lang='lat' dir='ltr'><strong>&#39;aar</strong></span> <span class='ocrx_word' id='word_1_255' title='bbox 1294 3170 1351 3243; x_wconf 70' lang='lat' dir='ltr'><strong>tlt-</strong></span> 
     </span>
     <span class='ocr_line' id='line_1_32' title="bbox 264 3245 1352 3347; baseline 0.003 -28"><span class='ocrx_word' id='word_1_256' title='bbox 264 3279 338 3329; x_wconf 84' lang='grc' dir='ltr'><strong>νους</strong></span> <span class='ocrx_word' id='word_1_257' title='bbox 360 3253 493 3335; x_wconf 81' lang='grc' dir='ltr'><strong><em>πόλεμος</em></strong></span> <span class='ocrx_word' id='word_1_258' title='bbox 515 3256 559 3341; x_wconf 75' lang='grc' dir='ltr'><strong>τῷ</strong></span> <span class='ocrx_word' id='word_1_259' title='bbox 578 3259 709 3333; x_wconf 77' lang='grc' dir='ltr'><strong><em>βασιλεῖ</em></strong></span> <span class='ocrx_word' id='word_1_260' title='bbox 724 3253 960 3341; x_wconf 75' lang='grc' dir='ltr'><strong><em>συγκεκρότητο,</em></strong></span> <span class='ocrx_word' id='word_1_261' title='bbox 985 3259 1019 3321; x_wconf 81' lang='grc' dir='ltr'><strong>ἐν</strong></span> <span class='ocrx_word' id='word_1_262' title='bbox 1041 3245 1070 3344; x_wconf 77' lang='grc' dir='ltr'><em>ᾧ</em></span> <span class='ocrx_word' id='word_1_263' title='bbox 1089 3263 1152 3340; x_wconf 76' lang='grc' dir='ltr'><strong>τῆς</strong></span> <span class='ocrx_word' id='word_1_264' title='bbox 1175 3264 1352 3347; x_wconf 68' lang='grc' dir='ltr'><strong>ηττηςΛέον</strong></span> 
     </span>
     <span class='ocr_line' id='line_1_33' title="bbox 264 3337 1354 3430; baseline 0.003 -29"><span class='ocrx_word' id='word_1_265' title='bbox 264 3341 477 3423; x_wconf 73' lang='grc' dir='ltr'><em>πρωτεργέτης</em></span> <span class='ocrx_word' id='word_1_266' title='bbox 506 3340 672 3420; x_wconf 79' lang='grc' dir='ltr'><em>γενόμενος</em></span> <span class='ocrx_word' id='word_1_267' title='bbox 693 3338 788 3404; x_wconf 74' lang='grc' dir='ltr'><em>παντὶ</em></span> <span class='ocrx_word' id='word_1_268' title='bbox 799 3342 842 3427; x_wconf 74' lang='grc' dir='ltr'><strong>τῷ</strong></span> <span class='ocrx_word' id='word_1_269' title='bbox 861 3342 1061 3430; x_wconf 75' lang='grc' dir='ltr'><strong><em>στρατοπέδῳ</em></strong></span> <span class='ocrx_word' id='word_1_270' title='bbox 1083 3342 1145 3424; x_wconf 68' lang='grc' dir='ltr'><strong>τὴν</strong></span> <span class='ocrx_word' id='word_1_271' title='bbox 1166 3349 1241 3429; x_wconf 82' lang='grc' dir='ltr'><em>μετ’</em></span> <span class='ocrx_word' id='word_1_272' title='bbox 1262 3337 1354 3425; x_wconf 68' lang='grc' dir='ltr'><strong><em>οἰοχί-</em></strong></span> 
     </span>
     <span class='ocr_line' id='line_1_34' title="bbox 263 3421 772 3506; baseline -0.002 -20"><span class='ocrx_word' id='word_1_273' title='bbox 263 3445 319 3506; x_wconf 72' lang='grc' dir='ltr'><strong>νης</strong></span> <span class='ocrx_word' id='word_1_274' title='bbox 339 3424 446 3506; x_wconf 67' lang='grc' dir='ltr'><em>φυγήν</em></span> <span class='ocrx_word' id='word_1_275' title='bbox 467 3421 669 3501; x_wconf 77' lang='grc' dir='ltr'><strong><em>ἐμαιεὺσατο.</em></strong></span> <span class='ocrx_word' id='word_1_276' title='bbox 768 3495 772 3500; x_wconf 45' lang='grc'><em>,</em></span> 
     </span>
    </p>

    <p class='ocr_par' dir='ltr' id='par_1_7' title="bbox 262 3523 1390 3860">
     <span class='ocr_line' id='line_1_35' title="bbox 348 3523 1353 3603; baseline 0.004 -18"><span class='ocrx_word' id='word_1_277' title='bbox 348 3523 367 3585; x_wconf 84' lang='grc'>5</span> <span class='ocrx_word' id='word_1_278' title='bbox 410 3525 627 3603; x_wconf 65' lang='lat' dir='ltr'><strong>annuntiatur}</strong></span> <span class='ocrx_word' id='word_1_279' title='bbox 648 3527 920 3589; x_wconf 61' lang='lat' dir='ltr'><strong>insinuationibus</strong></span> <span class='ocrx_word' id='word_1_280' title='bbox 948 3541 1072 3589; x_wconf 83' lang='lat' dir='ltr'><strong>struere.</strong></span> <span class='ocrx_word' id='word_1_281' title='bbox 1130 3531 1293 3594; x_wconf 84' lang='lat' dir='ltr'><strong>familiaris</strong></span> <span class='ocrx_word' id='word_1_282' title='bbox 1313 3549 1353 3591; x_wconf 82' lang='lat' dir='ltr'><strong>rot</strong></span> 
     </span>
     <span class='ocr_line' id='line_1_36' title="bbox 269 3605 1352 3697; baseline 0.01 -30"><span class='ocrx_word' id='word_1_283' title='bbox 269 3605 453 3688; x_wconf 78' lang='lat' dir='ltr'><strong>sbeophaui</strong></span> <span class='ocrx_word' id='word_1_284' title='bbox 484 3631 521 3670; x_wconf 91' lang='lat' dir='ltr'><strong>eo</strong></span> <span class='ocrx_word' id='word_1_285' title='bbox 549 3630 639 3670; x_wconf 89' lang='lat' dir='ltr'><strong>sensu</strong></span> <span class='ocrx_word' id='word_1_286' title='bbox 660 3605 696 3669; x_wconf 86' lang='grc' dir='ltr'><strong>τὸ</strong></span> <span class='ocrx_word' id='word_1_287' title='bbox 716 3609 925 3689; x_wconf 66' lang='grc' dir='ltr'><strong>προνοεῖσθαι.</strong></span> <span class='ocrx_word' id='word_1_288' title='bbox 979 3612 1044 3693; x_wconf 88' lang='lat' dir='ltr'><strong>ipse</strong></span> <span class='ocrx_word' id='word_1_289' title='bbox 1067 3612 1249 3697; x_wconf 84' lang='lat' dir='ltr'><strong>elegantius</strong></span> <span class='ocrx_word' id='word_1_290' title='bbox 1268 3616 1352 3677; x_wconf 82' lang='lat' dir='ltr'><strong>Tbcu-</strong></span> 
     </span>
     <span class='ocr_line' id='line_1_37' title="bbox 264 3690 1389 3774; baseline 0.011 -24"><span class='ocrx_word' id='word_1_291' title='bbox 264 3690 382 3772; x_wconf 87' lang='lat' dir='ltr'><strong>phanes</strong></span> <span class='ocrx_word' id='word_1_292' title='bbox 400 3691 553 3770; x_wconf 70' lang='lat' dir='ltr'><strong>loyranni</strong></span> <span class='ocrx_word' id='word_1_293' title='bbox 574 3690 814 3774; x_wconf 65' lang='lat' dir='ltr'><strong>tricaspinos,</strong></span> <span class='ocrx_word' id='word_1_294' title='bbox 837 3694 880 3756; x_wconf 87' lang='lat' dir='ltr'><strong>ait</strong></span> <span class='ocrx_word' id='word_1_295' title='bbox 896 3716 975 3767; x_wconf 50' lang='lat' dir='ltr'><strong>¹reru</strong></span> <span class='ocrx_word' id='word_1_296' title='bbox 998 3697 1158 3760; x_wconf 76' lang='lat' dir='ltr'><strong>Grumum</strong></span> <span class='ocrx_word' id='word_1_297' title='bbox 1180 3701 1352 3771; x_wconf 73' lang='lat' dir='ltr'><strong>existinuse,</strong></span> <span class='ocrx_word' id='word_1_298' title='bbox 1387 3698 1389 3752; x_wconf 73' lang='grc' dir='ltr'>ἒ</span> 
     </span>
     <span class='ocr_line' id='line_1_38' title="bbox 262 3774 753 3860; baseline 0.003 -24"><span class='ocrx_word' id='word_1_299' title='bbox 262 3774 440 3836; x_wconf 73' lang='lat' dir='ltr'><strong>thsidiarrun</strong></span> <span class='ocrx_word' id='word_1_300' title='bbox 460 3774 614 3860; x_wconf 78' lang='lat' dir='ltr'><strong>quandum</strong></span> <span class='ocrx_word' id='word_1_301' title='bbox 634 3789 753 3837; x_wconf 84' lang='lat' dir='ltr'><strong>struem.</strong></span> 
     </span>
    </p>

    <p class='ocr_par' dir='ltr' id='par_1_8' title="bbox 263 3870 1380 4043">
     <span class='ocr_line' id='line_1_39' title="bbox 347 3870 1380 3962; baseline 0.011 -28"><span class='ocrx_word' id='word_1_302' title='bbox 347 3874 368 3934; x_wconf 80' lang='lat' dir='ltr'><strong>ll</strong></span> <span class='ocrx_word' id='word_1_303' title='bbox 409 3896 500 3936; x_wconf 85' lang='lat' dir='ltr'><strong>socer</strong></span> <span class='ocrx_word' id='word_1_304' title='bbox 521 3875 609 3936; x_wconf 88' lang='lat' dir='ltr'><strong>cuius</strong></span> <span class='ocrx_word' id='word_1_305' title='bbox 633 3874 693 3938; x_wconf 86' lang='lat' dir='ltr'><strong>deo</strong></span> <span class='ocrx_word' id='word_1_306' title='bbox 723 3877 855 3937; x_wconf 80' lang='lat' dir='ltr'><strong>invisum</strong></span> <span class='ocrx_word' id='word_1_307' title='bbox 878 3877 1045 3959; x_wconf 87' lang='lat' dir='ltr'><strong>imperium</strong></span> <span class='ocrx_word' id='word_1_308' title='bbox 1070 3880 1118 3944; x_wconf 85' lang='lat' dir='ltr'><strong>ait</strong></span> <span class='ocrx_word' id='word_1_309' title='bbox 1144 3885 1290 3962; x_wconf 72' lang='lat' dir='ltr'><strong>Michael,</strong></span> <span class='ocrx_word' id='word_1_310' title='bbox 1311 3882 1350 3944; x_wconf 82' lang='lat' dir='ltr'><strong>Ni·</strong></span> <span class='ocrx_word' id='word_1_311' title='bbox 1376 3870 1380 3884; x_wconf 50' lang='lat'>⁸</span> 
     </span>
     <span class='ocr_line' id='line_1_40' title="bbox 263 3957 1275 4043; baseline 0.011 -23"><span class='ocrx_word' id='word_1_312' title='bbox 263 3957 421 4040; x_wconf 80' lang='lat' dir='ltr'><strong>ecphorus</strong></span> <span class='ocrx_word' id='word_1_313' title='bbox 444 3970 500 4036; x_wconf 88' lang='lat' dir='ltr'><strong>est,</strong></span> <span class='ocrx_word' id='word_1_314' title='bbox 521 3961 608 4021; x_wconf 88' lang='lat' dir='ltr'><strong>cuius</strong></span> <span class='ocrx_word' id='word_1_315' title='bbox 631 3970 700 4020; x_wconf 88' lang='lat' dir='ltr'><strong>erat</strong></span> <span class='ocrx_word' id='word_1_316' title='bbox 724 3961 882 4043; x_wconf 89' lang='lat' dir='ltr'><strong>Procopia</strong></span> <span class='ocrx_word' id='word_1_317' title='bbox 906 3961 968 4022; x_wconf 88' lang='lat' dir='ltr'><strong>filia</strong></span> <span class='ocrx_word' id='word_1_318' title='bbox 990 3964 1158 4028; x_wconf 78' lang='lat' dir='ltr'><strong>Michaiilis</strong></span> <span class='ocrx_word' id='word_1_319' title='bbox 1183 3992 1275 4033; x_wconf 81' lang='lat' dir='ltr'><strong>uxor.</strong></span> 
     </span>
    </p>
   </div>
   <div class='ocr_carea' id='block_1_7' title="bbox 261 4055 1348 4454">
    <p class='ocr_par' dir='ltr' id='par_1_9' title="bbox 261 4055 1348 4454">
     <span class='ocr_line' id='line_1_41' title="bbox 347 4055 1348 4149; baseline 0.011 -32"><span class='ocrx_word' id='word_1_320' title='bbox 347 4063 366 4125; x_wconf 85' lang='lat'><strong>7</strong></span> <span class='ocrx_word' id='word_1_321' title='bbox 409 4056 544 4138; x_wconf 77' lang='grc' dir='ltr'><strong><em>ποιήσας</em></strong></span> <span class='ocrx_word' id='word_1_322' title='bbox 578 4055 764 4142; x_wconf 80' lang='grc' dir='ltr'><strong>ἰδιόχειρον]</strong></span> <span class='ocrx_word' id='word_1_323' title='bbox 797 4061 839 4122; x_wconf 87' lang='lat' dir='ltr'><strong>ita</strong></span> <span class='ocrx_word' id='word_1_324' title='bbox 870 4062 1051 4144; x_wconf 86' lang='lat' dir='ltr'><strong>patriarcba</strong></span> <span class='ocrx_word' id='word_1_325' title='bbox 1082 4069 1288 4149; x_wconf 82' lang='lat' dir='ltr'><strong>enitebatur,</strong></span> <span class='ocrx_word' id='word_1_326' title='bbox 1313 4062 1348 4128; x_wconf 72' lang='lat' dir='ltr'><strong>sd</strong></span> 
     </span>
     <span class='ocr_line' id='line_1_42' title="bbox 263 4142 1348 4237; baseline 0.013 -37"><span class='ocrx_word' id='word_1_327' title='bbox 263 4162 326 4202; x_wconf 86' lang='lat' dir='ltr'><strong>nou</strong></span> <span class='ocrx_word' id='word_1_328' title='bbox 348 4142 489 4205; x_wconf 88' lang='lat' dir='ltr'><strong>obtinuit</strong></span> <span class='ocrx_word' id='word_1_329' title='bbox 510 4145 623 4205; x_wconf 85' lang='lat' dir='ltr'><strong>Leonis</strong></span> <span class='ocrx_word' id='word_1_330' title='bbox 646 4154 720 4206; x_wconf 72' lang='lat' dir='ltr'><strong>astu</strong></span> <span class='ocrx_word' id='word_1_331' title='bbox 747 4147 917 4226; x_wconf 84' lang='lat' dir='ltr'><strong>deceptus,</strong></span> <span class='ocrx_word' id='word_1_332' title='bbox 942 4167 1008 4208; x_wconf 87' lang='lat' dir='ltr'><strong>rem</strong></span> <span class='ocrx_word' id='word_1_333' title='bbox 1041 4147 1260 4216; x_wconf 82' lang='lat' dir='ltr'><strong>differendam</strong></span> <span class='ocrx_word' id='word_1_334' title='bbox 1279 4172 1348 4237; x_wconf 75' lang='lat' dir='ltr'><strong>prae·</strong></span> 
     </span>
     <span class='ocr_line' id='line_1_43' title="bbox 261 4226 1348 4317; baseline 0.014 -34"><span class='ocrx_word' id='word_1_335' title='bbox 261 4226 392 4288; x_wconf 79' lang='lat' dir='ltr'><strong>texentis</strong></span> <span class='ocrx_word' id='word_1_336' title='bbox 413 4227 444 4285; x_wconf 92' lang='lat' dir='ltr'><strong>in</strong></span> <span class='ocrx_word' id='word_1_337' title='bbox 461 4237 582 4309; x_wconf 89' lang='lat' dir='ltr'><strong>ternpus</strong></span> <span class='ocrx_word' id='word_1_338' title='bbox 595 4227 679 4288; x_wconf 84' lang='lat' dir='ltr'><strong>aliud</strong></span> <span class='ocrx_word' id='word_1_339' title='bbox 695 4231 901 4307; x_wconf 84' lang='lat' dir='ltr'><strong>commodius,</strong></span> <span class='ocrx_word' id='word_1_340' title='bbox 923 4252 959 4291; x_wconf 90' lang='lat' dir='ltr'><strong>ac</strong></span> <span class='ocrx_word' id='word_1_341' title='bbox 972 4232 1027 4292; x_wconf 93' lang='lat' dir='ltr'><strong>ubi</strong></span> <span class='ocrx_word' id='word_1_342' title='bbox 1043 4241 1263 4317; x_wconf 77' lang='lat' dir='ltr'><strong>capessivisset</strong></span> <span class='ocrx_word' id='word_1_343' title='bbox 1274 4242 1348 4314; x_wconf 75' lang='lat' dir='ltr'><strong>impr·</strong></span> 
     </span>
     <span class='ocr_line' id='line_1_44' title="bbox 262 4308 1347 4396; baseline 0.014 -26"><span class='ocrx_word' id='word_1_344' title='bbox 262 4308 356 4385; x_wconf 87' lang='lat' dir='ltr'><strong>rium,</strong></span> <span class='ocrx_word' id='word_1_345' title='bbox 378 4310 424 4372; x_wconf 92' lang='lat' dir='ltr'><strong>uti</strong></span> <span class='ocrx_word' id='word_1_346' title='bbox 440 4313 545 4372; x_wconf 86' lang='lat' dir='ltr'><strong>multis</strong></span> <span class='ocrx_word' id='word_1_347' title='bbox 563 4314 698 4396; x_wconf 80' lang='lat' dir='ltr'><strong>lgnatius</strong></span> <span class='ocrx_word' id='word_1_348' title='bbox 721 4311 880 4392; x_wconf 85' lang='lat' dir='ltr'><strong>diaconus,</strong></span> <span class='ocrx_word' id='word_1_349' title='bbox 906 4336 962 4377; x_wconf 89' lang='lat' dir='ltr'><strong>uec</strong></span> <span class='ocrx_word' id='word_1_350' title='bbox 983 4337 1048 4378; x_wconf 91' lang='lat' dir='ltr'><strong>non</strong></span> <span class='ocrx_word' id='word_1_351' title='bbox 1071 4325 1283 4387; x_wconf 82' lang='lat' dir='ltr'><strong>continuatur</strong></span> <span class='ocrx_word' id='word_1_352' title='bbox 1302 4321 1347 4379; x_wconf 74' lang='lat' dir='ltr'><strong>Vr-</strong></span> 
     </span>
     <span class='ocr_line' id='line_1_45' title="bbox 261 4393 392 4454; baseline 0 -1"><span class='ocrx_word' id='word_1_353' title='bbox 261 4393 392 4454; x_wconf 70' lang='lat' dir='ltr'><strong>ilcanus.</strong></span> 
     </span>
    </p>
   </div>
   <div class='ocr_carea' id='block_1_8' title="bbox 0 0 1418 4874">
    <p class='ocr_par' dir='ltr' id='par_1_10' title="bbox 0 0 1418 4874">
     <span class='ocr_line' id='line_1_46' title="bbox 0 0 1418 4874; baseline 0 5"><span class='ocrx_word' id='word_1_354' title='bbox 0 0 1418 4874; x_wconf 95' lang='lat' dir='ltr'><strong> </strong></span> 
     </span>
    </p>
   </div>
   <div class='ocr_carea' id='block_1_9' title="bbox 1409 3112 1417 3872">
    <p class='ocr_par' dir='ltr' id='par_1_11' title="bbox 1409 3112 1417 3872">
     <span class='ocr_line' id='line_1_47' title="bbox 1409 3112 1417 3872; baseline 0 0"><span class='ocrx_word' id='word_1_355' title='bbox 1409 3112 1417 3872; x_wconf 95' lang='lat' dir='ltr'><strong> </strong></span> 
     </span>
    </p>
   </div>
  </div>
 </body>
</html>
