2828 4874
217 302 274 366 DE
290 295 646 366 mmsltomcllt
672 295 831 364 mttms
850 293 997 364 CAPTA.
1096 293 1166 364 511

69 477 129 522 σαι
148 448 271 539 θρύσος
290 449 442 536 ύψιστον·
492 449 538 516 ἔτι
562 453 599 516 di
627 452 684 514 καί
701 447 759 526 τοὶς
780 451 965 533 περιέργους
985 447 1171 534 σννδρομύς

68 557 127 620 καί
148 553 362 636 καταδρομάς,
384 549 422 626 ἃς
440 550 474 618 τὸ
496 550 628 636 ἔναγχος
648 545 715 616 οἶδε
736 553 840 633 θέρος,
863 551 908 624 εἰς
928 549 1024 614 οὐδὲν
1046 551 1125 614 δίον.

151 654 240 724 ’Ait’
267 647 348 719 ιύστε
376 654 417 716 ον’
436 655 530 717 τοῦτο
564 649 602 736 δή
637 647 672 715 τύ
695 645 839 736 ἐλαφρὸν
862 651 1029 734 ύη[λα3]σαι
1049 651 1171 716 δίκαιον

68 747 197 839 ἄνδρα,
233 745 286 820 οἷα
316 751 513 838 δύσχρηστον
533 761 599 828 τοῖς
619 749 847 834 δυσαρέστοις,
868 747 950 814 α’λλύ
972 752 1029 814 καί
1046 747 1170 833 κρύψαι

40 855 114 929 bes’c
133 857 210 938 γῆν·
250 850 285 918 τύ
306 849 485 938 βαρύτατον
503 852 766 935 πρασοαιλεκτέον
790 859 858 924 τοϊς
877 851 1071 924 αἰτιατίοις·
1114 846 1170 913 κατ’

64 951 140 1025 τούς
160 954 231 1016 κατ’
261 944 407 1034 ύλλήλων
436 946 659 1034 ψιθυρισμούς
689 951 741 1035 s’p’
763 943 811 1025 οἷς
828 951 886 1014 σύν
908 950 1016 1034 ἐχρῆν,
1039 948 1071 1014 οἳ
1087 949 1167 1032 βοὰς

64 1051 175 1135 μα’χης
197 1049 342 1137 α’φύκτσυ
363 1051 440 1134 ἡμῖν
460 1054 659 1134 ἐπέρρηξαν·
701 1046 759 1125 τοὶς
781 1047 837 1116 ἐτιί
857 1047 1064 1134 τιαραθήκαις
1086 1050 1166 1112 αἰτο-

1 1161 3 1167 “
64 1149 240 1236 στερήσεις,
262 1141 308 1216 οἷν
329 1152 432 1216 ἕνεκεν
452 1153 750 1234 mensurabantur,
771 1149 803 1214 si
820 1151 876 1213 καί
892 1152 1007 1230 γελῶσι
1027 1149 1165 1212 κάνταῦ-

6 1283 7 1286 “
63 1255 111 1316 θα
126 1246 241 1327 adure
262 1250 293 1316 οἱ
313 1247 360 1315 ἔτι
384 1243 498 1336 ἄνδρες
516 1253 576 1314 τού
594 1246 753 1318 πλούτου·
796 1247 856 1324 τύς
875 1253 938 1313 τῶν
955 1247 1163 1333 γραμματίων

24 1348 376 1434 ίοιύνιοπροσσοιήσεις,
410 1339 456 1416 σύν
476 1351 618 1432 σταορού
634 1350 742 1431 τιμίου
764 1346 861 1424 τύπος
881 1351 1077 1433 προλύμιιων
1095 1341 1222 1420 εἷτα307

62 1447 119 1514 καί
139 1447 266 1536 μνήμην
297 1451 355 1532 τῆς
384 1450 478 1533 ἁγίας
512 1446 644 1535 τρεύύος
675 1451 733 1514 τού
760 1443 831 1525 ἓνύς
851 1452 907 1514 καί
926 1445 1066 1532 μεγύλοο
1085 1449 1164 1514 θεού

1 1542 6 1547 ’
62 1548 226 1634 ἐπεισάγει
245 1552 528 1635 προγεγραμμένην
550 1547 629 1634 τιρύς
649 1543 783 1614 indotos
804 1551 867 1614 τῶν
888 1546 970 1614 stre
990 1555 1166 1616 σνναλλατ-

1 1645 2 1648 *
60 1646 186 1735 πόντιον,
209 1647 287 1716 eost
305 1646 362 1714 καί
380 1643 525 1730 ύμννον·
565 1644 643 1734 ὅπερ
666 1653 732 1715 κατ’
752 1649 915 1734 ἐπιορκίας
935 1646 1075 1735 ἔγκλημα
1094 1651 1163 1726 dis.

61 1751 248 1832 πολύμουσον
266 1748 343 1834 ἡμῖν
365 1749 512 1837 φανερούς
532 1747 692 1816 τὸνθεόν.

1 1864 52 1922 >ts
150 1851 196 1914 Τι’
208 1873 265 1930 μοι
297 1853 486 1932 οίναμετρεῖν
518 1847 560 1914 τύ
579 1851 678 1914 πλείω
699 1845 799 1935 αἴτια,
820 1845 900 1914 ἔνθα
919 1846 965 1933 μή
987 1845 1069 1914 neira
1090 1873 1161 1914 και-

14 2016 17 2028 ,
58 1946 138 2034 ρόςς
162 1949 291 2035 α’ρτίσει
310 1949 407 2032 μόνον
426 1951 526 2016 εἰπεῖν
549 1947 593 2024 οἷς
611 1947 733 2026 δίκαιος
753 1945 863 2026 ύθιύς
882 1951 939 2014 κατ’
957 1945 1161 2026 δικαιοσύνας

1 2055 6 2066 ”
58 2051 181 2136 α’γατιᾷ.
238 2047 290 2116 tsi
320 2039 392 2116 ούτε
420 2052 512 2135 μερίς
538 2047 623 2139 crispi
653 2047 734 2136 πρὸς
756 2047 831 2125 τούς
850 2045 893 2135 μή
916 2046 1089 2135 τοιούτους,
1108 2047 1163 2114 καί

56 2151 134 2212 osid'
161 2139 202 2213 riv
231 2147 343 2234 α’νήσει
376 2153 450 2214 κοτὲ
479 2157 612 2232 σνχναῖς
647 2148 800 2232 patriciam
826 2146 1058 2235 μετερχόμενος
1088 2145 1162 2225 τούς

56 2243 133 2314 ὅσοι
150 2255 217 2323 τοῖς
239 2251 385 2314 ἀδικοῦσι
403 2245 671 2328 σονεξετύζονται.

10 2361 51 2418 20
147 2351 242 2414 Δοκεῖ
262 2371 333 2428 μοι,
366 2341 544 2413 dromas
570 2353 626 2414 καί
660 2349 702 2413 δι’
731 2339 815 2412 ltus
832 2352 1082 2430 σοναεθλεοταί,
1104 2352 1161 2415 κατ’

61 2443 153 2532 ύμείς
174 2449 220 2530 δέ,
241 2437 269 2511 ού
288 2446 450 2533 νεήλυδες,
470 2442 705 2534 η’κριβονσύμην,
717 2446 901 2536 διαγράψας
921 2445 961 2513 ssi
980 2452 1054 2514 καθ’
1075 2448 1159 2533 ἡμᾶς

54 2699 201 2759 pereussos
233 2691 261 2737 et
281 2683 422 2736 audaciam
440 2699 568 2737 summam
591 2691 735 2757 expertam
762 2693 903 2756 praeterea
927 2685 961 2737 de
981 2686 1081 2756 ineptis
1098 2686 1155 2740 illis

53 2755 236 2812 concursibus
255 2757 549 2828 cursitationibusque,
568 2773 634 2828 quas
653 2765 739 2810 aestus
767 2759 891 2828 proxima
910 2757 989 2822 vidit,
1005 2758 1155 2814 nibilsillas

53 2831 151 2884 utiles.
258 2839 263 2848 ⁴

128 2901 232 2953 Verum
249 2903 281 2950 ut
302 2896 376 2949 haud
402 2905 528 2968 oporteat
561 2897 611 2949 ista
639 2897 751 2969 quidem
769 2897 871 2951 leviora
898 2902 1099 2952 commemorari
1119 2900 1153 2954 ab

53 2973 171 3026 bomine
192 2971 273 3032 iusto,
293 2969 396 3040 quippe
414 2985 528 3041 quorum
547 2967 650 3020 mentio
670 2969 776 3021 inutilis
793 2971 829 3021 sit
848 2969 1005 3022 hominibus
1022 2973 1152 3040 implaca-

52 3044 178 3104 bilibus,
199 3039 247 3094 sed
269 3041 351 3092 etiam
369 3049 438 3092 terra
460 3039 567 3107 obtegi:
598 3039 780 3107 gravissimum
807 3048 880 3094 certe
899 3041 1092 3094 recensendum
1111 3049 1154 3098 est

53 3118 85 3168 in
106 3114 194 3166 causis
212 3111 471 3182 pernicitifnostrae
488 3146 497 3174 ,
514 3119 622 3161 mutuae
640 3109 675 3163 de
695 3111 783 3174 rebus,
803 3109 837 3162 de
857 3112 955 3182 quibus
975 3113 1085 3164 minime
1101 3113 1153 3166 de·

53 3187 157 3254 cebat,
178 3184 392 3244 susurrationes,
423 3199 493 3252 quae
521 3182 664 3233 clamorem
696 3182 846 3236 certaminis
866 3184 1049 3236 exitiosissimi
1071 3184 1151 3238 nobis

52 3259 227 3319 excitarunt;
254 3255 395 3326 pignorum
417 3255 632 3317 interversionem
660 3251 759 3325 qnibus
777 3253 857 3306 ditati
872 3271 970 3319 sumus,
989 3272 1152 3327 quamquam

52 3331 102 3382 bic
120 3329 163 3386 illi
184 3325 290 3389 rident,
330 3327 355 3377 ui
384 3325 540 3377 etiamnunc
557 3325 708 3377 divitiarum
727 3334 847 3378 amantes
873 3337 953 3392 sunt,
973 3327 1150 3381 infitiationes

52 3401 223 3474 pactionum,
240 3344 340 3470 quibds
358 3398 498 3468 praelucet
520 3397 684 3450 venerabilis
709 3399 794 3449 crucis
814 3399 917 3466 imago,
938 3397 1037 3450 deinde
1054 3399 1150 3452 subse·

53 3474 152 3545 quitur
169 3471 250 3532 etiam
270 3469 373 3522 mentio
399 3477 508 3520 sanetae
533 3469 661 3521 trinitatis
688 3470 768 3521 unius
789 3477 817 3521 et
835 3471 1030 3540 omnipotentis
1048 3470 1093 3523 dei
1114 3471 1149 3524 ab

54 3553 175 3612 utroque
197 3541 344 3611 perscripta
355 3542 559 3611 paciscentium,
579 3542 786 3610 pactionemque
796 3539 970 3593 iureiurando
989 3541 1149 3594 confirmari.

53 3619 144 3670 tium:
164 3629 234 3683 quae
261 3628 301 3664 res
322 3620 435 3683 propter
453 3613 553 3663 crimen
579 3612 690 3683 periurii
711 3611 791 3663 deum
809 3613 960 3665 necessario
978 3612 1058 3664 nobis
1076 3613 1151 3666 inse·

52 3697 128 3741 stum
149 3686 223 3736 fecit.

134 3753 210 3826 Quid
228 3770 321 3806 causas
341 3755 466 3806 miseriae
484 3753 550 3804 alias
569 3755 669 3806 multas
687 3769 843 3825 persequar,
862 3753 910 3805 ubi
929 3752 1007 3806 deest
1025 3754 1151 3826 tempus?

54 3827 172 3882 sufficiat
190 3826 338 3889 monuisse,
357 3824 437 3878 deum
448 3825 547 3878 iustum
561 3833 590 3875 et
600 3825 721 3877 iustitiae
738 3834 873 3878 amantem
892 3841 960 3876 esse:
982 3841 1067 3895 quare
1086 3826 1150 3876 nul-

53 3904 110 3955 lam
136 3899 184 3951 ille
203 3895 419 3948 communionem
445 3895 529 3948 babet
546 3913 605 3946 cum
623 3895 797 3960 bominibus,
818 3898 866 3968 qui
884 3896 994 3964 ingenio
1025 3895 1149 3948 dissimili

51 3980 134 4033 sunt,
153 3984 243 4038 neque
269 3966 385 4018 cessabit
408 3983 527 4036 unquam
547 3967 627 4018 variis
648 3967 698 4018 riis
718 3969 844 4020 insectari
859 3982 961 4030 ornnes,
979 3968 1028 4036 qui
1048 3968 1078 4020 in
1095 3985 1148 4019 nu-

52 4059 130 4096 mero
150 4039 312 4092 iniustorum
329 4037 575 4107 deprehendentur.

127 4110 230 4162 Videor
247 4108 323 4172 mihi,
342 4111 413 4161 cives
432 4117 490 4160 tum
509 4109 559 4162 rite
574 4107 716 4160 nobiscum
733 4107 893 4172 militantes,
910 4114 969 4159 tum
981 4123 1038 4168 vos,
1056 4123 1147 4160 recens

52 4182 212 4253 conscripti,
232 4187 354 4232 accurate
369 4187 397 4232 et
414 4181 528 4233 solerter
538 4180 692 4251 exposuisse
705 4195 747 4231 res
760 4186 873 4240 nostras,
891 4185 920 4229 et
936 4179 1014 4249 qnasi
1031 4178 1148 4246 imagine
