2828 4874
218 297 273 362 DE
289 287 598 361 Tuusstaotuct
616 289 645 356 Α
663 287 823 356 LATINIS
843 286 988 356 CAPTA.
1088 271 1161 348 503

102 469 105 478 ’
156 452 248 531 Hap'
268 442 315 523 οἷς
335 449 390 518 καί
409 445 435 510 ld
456 449 609 528 τριγέρων
635 435 718 520 σίνος
740 440 794 508 dari
816 439 851 506 τό
868 441 1017 524 α’γλευκές
1035 443 1164 518 ε”ξοοθε-

69 555 155 615 νεῖτο
176 542 228 615 οἷοι
248 551 304 614 καί
321 572 353 614 τι
375 546 543 634 φάρμακον
563 543 621 608 οόκ
650 541 792 625 οἷγαθόν·
814 545 881 606 οἷον
902 539 940 624 dr}
962 537 1049 606 οἴνου
1068 544 1164 625 χρειά

68 651 126 714 καί
142 651 280 732 μάλιστα
309 641 349 729 ἦν
376 646 414 712 τό
437 665 469 716 τε
492 637 575 710 ἄλλα
604 645 660 708 κατ’
689 643 741 708 διό
766 640 839 718 τούς
859 645 893 708 έν
913 648 1054 728 πληγαῖς.
1098 643 1166 719 έξε.

65 759 157 833 χεῖτο
185 748 247 832 γόρ
287 743 441 814 τόκαλόν
473 747 573 812 έκεῖνο
606 740 706 829 ὑγρόν
733 741 776 818 ὥς
805 744 851 818 είς
871 738 1048 823 ποταμοός·
1090 736 1167 806 ὅθεν

41 842 142 916 eolre
163 847 261 924 αιέτός
282 842 321 932 ἢν
343 839 416 912 orire
440 871 472 910 τι
508 842 684 910 ιίκόλονθον
704 840 859 934 μα’λπγμα
882 836 954 907 τότε
974 839 990 905 ό
1011 844 1084 906 καθ’
1100 837 1166 924 εἱρ-

67 948 134 1034 μόν
155 946 363 1030 κατόιλεσμος.
406 945 515 1028 όίόπερ
551 945 591 1008 ον’
617 939 713 1024 μόνον
744 943 847 1029 κόκλρι
877 947 936 1006 τοῦ
957 943 1083 1024 τείχους
1102 946 1167 1008 τῶν

67 1051 190 1133 νεκριόν
210 1050 375 1130 κειμένων,
394 1050 450 1120 καί
469 1049 545 1127 περί
572 1039 703 1124 σόμπαν
728 1043 764 1106 δέ
787 1040 821 1107 τὸ
841 1045 900 1106 τοῦ
920 1045 1069 1108 τοιοότον
1093 1042 1169 1108 κόκ-

66 1155 127 1214 λσν
149 1146 305 1230 ε’μβαδόν,
341 1150 398 1211 oriz
420 1139 459 1230 ἦν
481 1145 496 1210 ό
518 1143 669 1226 θάπτων,
703 1141 783 1208 α’λλό
815 1141 871 1208 καί
899 1140 929 1208 oi
957 1145 1170 1226 πεπληγμένοι

66 1249 253 1334 προσθήκην
288 1249 415 1314 ε’ποιόον
446 1248 489 1335 τῷ
510 1247 597 1333 Αλέη
619 1246 675 1309 καί
701 1241 872 1327 πρόγματα
895 1246 1085 1329 προσξένοον
1105 1252 1169 1336 τρίς

21 1359 58 1412 10
67 1343 260 1414 θάπτουσιν.
311 1343 339 1411 ai
358 1351 433 1430 γοῦν
455 1341 533 1420 όσας
554 1347 745 1423 ἐξεκένωσαν
776 1345 876 1421 οἰκίας
895 1348 952 1410 καί
973 1341 1003 1409 ui
1023 1368 1169 1429 τραυμα-

65 1447 147 1530 τίαι,
170 1449 252 1514 κατὰ
276 1447 442 1530 πολυμερῆ
474 1443 630 1530 ποσότητα
653 1447 855 1520 ἐκλείποντες.
898 1447 954 1510 καί
973 1440 1056 1509 odron
1070 1443 1169 1524 μὲνό

64 1551 171 1631 γέρων
192 1541 273 1624 οἶνος
294 1545 435 1634 ἐκφορὰν
457 1545 570 1629 ἔπαθε,
592 1543 812 1630 σνντεθνηκιός
834 1535 969 1614 aluenni
989 1543 1084 1620 αότός
1103 1551 1170 1621 τοϊς

65 1647 293 1718 moderatiorem
323 1652 391 1712 κατ’
422 1645 546 1712 ἔνδειαν
569 1646 688 1712 adrod-
740 1645 757 1708 ό
789 1647 824 1712 di
846 1646 971 1729 νεογνός
997 1647 1170 1728 όπεσκίρτα

67 1748 151 1824 ζέων
172 1745 227 1812 καί
258 1746 491 1831 βραττόμενσς,
514 1748 569 1810 καί
596 1742 630 1812 τό
652 1743 785 1831 βρόσμα
805 1737 843 1828 ηἰι
863 1753 930 1821 τοῖς
952 1750 1171 1830 προσιεμένοις

19 1841 157 1914 lunatici
183 1847 242 1910 καί
259 1871 291 1912 τι
320 1846 468 1930 έμβόημα
491 1843 547 1910 καί
571 1843 683 1929 ἀπειλὴ
710 1849 781 1928 βίον
810 1842 1019 1930 όπεξαγωγῆς.
1060 1844 1090 1911 οἱ
1108 1844 1171 1931 γόρ

64 1943 183 2010 radron
203 1943 483 2027 ὑποπιμπλάμενοι
512 1939 580 2012 elau
615 1949 674 2010 τοῦ
693 1947 750 2029 τῆς
771 1945 872 2032 λη’θης
891 1941 999 2010 ἔπινον
1021 1945 1172 2027 πόματος,

65 2040 85 2108 ό
108 2043 248 2120 θάνατος
270 2044 424 2127 οἰνοχόει,
447 2045 487 2109 ον’
509 2053 576 2121 τοῖς
606 2044 770 2130 ἡμετέροις
789 2045 899 2127 μόνοις
924 2047 991 2110 ἀλλ’
1011 2083 1053 2096 -
1078 2042 1096 2108 ii
1119 2045 1175 2109 καί

64 2146 240 2228 προφέρων
259 2146 303 2233 τῷ
325 2145 460 2226 στόματι
478 2149 584 2229 χαίρω
617 2185 659 2196 -
689 2148 745 2209 καί
762 2142 902 2227 μάλιστα
924 2154 990 2222 τοῖς
1008 2145 1173 2227 Λατίνοις,
1211 2183 1212 2188 1

71 2239 121 2319 οἷς
139 2247 223 2325 μέγα
242 2270 273 2308 τι
294 2243 391 2309 καλόν
412 2243 510 2323 αότός
529 2249 679 2329 ἐκρίνετο,
700 2241 769 2324 ἅμα
783 2247 964 2324 έκπιέζονσι
981 2247 1078 2328 χερσί
1099 2269 1172 2310 στα.

24 2341 179 2428 turpaldo
200 2340 256 2409 καί
274 2341 415 2428 deperiat
436 2343 556 2425 χρινόόν
574 2343 609 2408 τό
632 2341 825 2426 veternam,
847 2345 900 2410 lan
917 2345 1000 2428 μηδὲ
1020 2351 1089 2417 ταῖς
1111 2349 1171 2407 λα-

70 2439 175 2523 γόνοις
192 2447 348 2526 πρωτείου
369 2443 532 2528 ὑποδοχῆς
552 2444 771 2528 έκχωρὴσιοσι.
814 2449 871 2510 καί
891 2441 1060 2529 ὀφείλομεν
1079 2439 1230 2527 viaticam

71 2539 268 2632 τῷτοιοότιρ
299 2547 484 2631 βρασματίρι
516 2541 589 2631 οἴνῳ
621 2540 755 2628 χάριτας
778 2537 831 2610 οἷα
857 2539 1170 2631 προσεταιρισαμένηι

68 2635 149 2708 κατὰ
183 2644 332 2706 Λατίνων
350 2641 407 2708 τόν
439 2639 614 2710 θάνατον
652 2639 689 2708 όν
719 2642 898 2729 έπιότρονεν
926 2646 1036 2720 αότοῑς
1054 2649 1109 2709 καί
1128 2644 1167 2709 τό

161 2893 201 2946 ab
221 2893 316 2946 iisdem
335 2897 427 2948 vinum
446 2897 580 2948 vetustius
600 2906 711 2966 propter
736 2897 925 2950 insuavitatem
944 2897 1168 2952 contemnebatur

66 2975 198 3034 tanquam
218 2965 355 3018 insalubre
374 2966 510 3036 quoddam
522 2965 762 3018 medicamentum:
788 2985 842 3036 quo
858 2969 921 3020 vino
941 2970 970 3018 iu
989 2969 1081 3037 primis
1100 2986 1170 3038 opua

65 3044 129 3088 erat
147 3054 228 3106 qurum
241 3035 275 3086 ad
296 3039 364 3090 alios
384 3037 492 3090 morbos
507 3046 563 3090 tum
578 3038 613 3088 ad
630 3039 764 3090 uauaudoe
783 3039 949 3098 vulneratos.
969 3049 997 3091 at
1013 3040 1104 3108 liquor
1121 3041 1169 3092 ille

67 3109 186 3160 eximius
208 3117 334 3178 tanquam
350 3111 413 3162 rivis
434 3110 574 3177 profusum
592 3109 711 3160 fluebat:
736 3109 808 3160 uude
829 3127 878 3160 nec
892 3111 939 3160 illa
957 3111 1102 3171 medicina,
1120 3129 1171 3163 nee

67 3179 168 3230 idonea
189 3181 348 3244 lenimenta,
369 3197 420 3232 nec
438 3188 501 3249 apta
517 3174 626 3232 vin'eula
645 3181 725 3232 nobis
744 3181 848 3249 reliqua
870 3191 957 3232 erant.
975 3199 1069 3250 quare,
1086 3199 1171 3252 quum

67 3251 140 3301 circa
158 3267 262 3302 murum
284 3252 414 3303 cadavera
432 3253 552 3319 proiecta
564 3261 656 3304 eareat
672 3261 700 3303 et
717 3269 767 3322 per
784 3268 888 3304 omnem
901 3269 989 3302 aream
1007 3253 1086 3304 mirra
1104 3271 1170 3306 con·

67 3323 181 3387 tignum,
201 3339 256 3372 uon
275 3323 363 3372 εοΙιιιιι
383 3339 463 3374 nemo
484 3333 551 3388 erat,
571 3323 618 3393 qui
638 3323 686 3374 illa
705 3325 844 3392 sepeliret,
863 3325 1011 3375 sedetiam
1034 3325 1171 3378 vulnerati

67 3394 207 3444 cumulum
228 3401 328 3444 tartaro
347 3393 486 3446 addebant
504 3403 532 3446 et
558 3394 699 3462 negotium
717 3395 856 3446 faciebant
877 3393 1082 3465 sepelientibus.
1103 3405 1172 3465 quot

67 3465 143 3515 enim
166 3464 261 3516 domna
289 3482 386 3518 vacuas
405 3465 531 3518 feceruut
555 3467 699 3524 vulnerati,
725 3466 869 3534 nraltipiiei
901 3467 1033 3518 varietate
1053 3483 1171 3534 pereun-

68 3535 125 3588 tes!
164 3544 246 3605 atqae
267 3537 357 3588 vinum
376 3544 511 3590 vetustum
531 3535 642 3605 quidem
664 3537 835 3599 atterebatur,
855 3537 942 3606 ipsum
960 3554 1073 3607 quoque
1092 3541 1170 3608 quari

68 3605 231 3658 exstinctam
244 3624 303 3658 cum
318 3609 360 3670 iia,
377 3609 424 3677 qui
444 3616 555 3678 propter
572 3608 647 3660 illim
664 3609 884 3678 periclitarentur
904 3611 1060 3677 penuriam
1077 3610 1171 3660 vinum

68 3695 164 3729 recens
184 3687 275 3730 autem
295 3677 505 3742 effervescebat‚
527 3687 652 3730 aestuans
681 3688 764 3749 atque
787 3681 968 3741 lerinentans,
986 3689 1098 3749 eratque
1115 3681 1171 3732 ser·

67 3748 203 3800 intentatio
227 3749 274 3799 illa
294 3749 488 3819 appetentibus
502 3750 579 3819 quasi
598 3768 650 3802 vox
666 3750 798 3804 ouaedam
810 3757 838 3802 et
851 3751 966 3802 minatio
985 3753 1089 3803 mortia.
1107 3767 1172 3802 narn

68 3821 118 3888 qui
136 3820 185 3870 illo
201 3818 376 3888 replebantur
389 3822 463 3883 vino,
479 3822 556 3891 quasi
576 3828 671 3892 potum
687 3821 835 3874 oblivionis
853 3821 1032 3884 imbibebaut‚
1051 3841 1065 3874 ε
1084 3831 1171 3874 morte

67 3907 127 3942 non
147 3891 234 3941 soloin
257 3892 357 3944 nostrie
382 3893 579 3954 ministratum,
601 3891 649 3944 sed
676 3923 710 3934 -
733 3891 807 3962 quod
836 3893 934 3958 gaudio
965 3895 1090 3946 exultans
1109 3891 1172 3946 dieo

67 3989 105 4002 -
131 3963 237 4012 Latinio
256 3963 384 4027 maxime,
412 3963 512 4033 quibua
540 3961 611 4014 illud
637 3963 740 4016 buniam
771 3965 899 4015 eximium
926 3965 1085 4028 videbatur,
1106 3966 1169 4035 qui-

69 4049 124 4101 que
150 4033 231 4084 simul
259 4033 383 4084 manibus
413 4051 477 4086 uvea
506 4034 682 4104 pressabaut,
709 4044 736 4088 et
756 4035 890 4104 liquorem
911 4051 1170 4106 recenaexpreraum

68 4101 148 4154 avide
170 4103 353 4168 hauriebant,
371 4122 406 4156 ne
432 4106 460 4155 in
490 4106 598 4174 lagenas
628 4123 643 4156 e
667 4106 840 4174 receptaculo
860 4107 951 4178 priore
977 4105 1169 4158 effundendum

69 4182 148 4228 earet.
185 4190 219 4230 ae
235 4177 332 4244 gratiae
360 4175 491 4230 debemus
520 4178 694 4232 fermentanti
715 4178 758 4230 itti
777 4176 851 4243 aino,
870 4179 973 4248 qnippe
992 4195 1047 4250 quo
1067 4177 1169 4231 Latinis
