2820 4866
402 361 403 364 *
429 331 798 399 canonounaefflb
1082 317 1155 392 293

40 543 42 546 .
63 485 188 570 μόνικον
210 482 425 571 ἓταιριόρχην.
463 483 606 569 Ἰωάννης
626 485 662 548 rii
684 482 702 546 t
721 481 854 557 Ἐλαδᾶς
873 479 955 569 νόσῳ
971 473 1157 562 περιπεσών,

64 585 228 652 κατελθών
256 588 292 651 ἐκ
316 589 373 650 τοῦ
403 589 559 650 παλατιόν
591 580 646 647 κατ’
666 584 700 648 ἐν
720 588 919 664 Βλαχὲρνσις
942 576 1158 661 παραγινόμε-

63 711 134 772 μος,
154 685 218 751 elad
241 691 298 769 τῆς
317 684 412 750 νόσου
435 687 647 768 βαρυνθείσης
659 684 800 769 τελευτᾷ.
843 682 1010 764 συμβουλῇ
1035 680 1070 742 δὲ
1092 679 1158 744 Δο-

62 794 191 868 μτνίκον
220 781 288 866 ἅμα
314 795 379 861 τοῖς
401 783 460 849 σόν
481 783 581 870 adegi,
606 788 676 862 μετ’
699 782 793 864 σ’ργῆς
811 779 848 844 τό
871 784 925 864 τῆς
946 779 1030 852 ι’διόις
1049 781 1159 860 ὲκκλη·

35 889 137 962 ὅσιἀς
165 881 426 968 περιποιοόμενον
454 888 510 948 καιΙ
536 883 712 970 poemiam
738 881 881 946 εἰποῦσα.
921 881 978 943 τοῦ
998 879 1034 941 δὲ
1053 880 1255 942 Boot-east

60 985 164 1068 ysipon
188 983 322 1066 Συμεών
354 979 412 1068 τήν
437 979 565 1072 Θρηίκην
595 981 690 1045 πόλιν
719 981 921 1064 ληϊζομένον,
953 975 986 1041 όν
1013 975 1157 1063 φροντίδι

60 1078 160 1168 οόσης
183 1083 373 1168 Αδγοόστης
401 1082 457 1147 καί
482 1082 600 1146 πολιόν
625 1082 710 1146 ’τέλει
732 1075 816 1155 ὅπως
838 1076 937 1144 αδτόν
958 1079 1014 1161 τῆς
1036 1075 1158 1154 α’λοιζο-

59 1187 150 1258 νείας
170 1181 353 1262 παύσωσιν,
377 1179 516 1270 ᾐτήσατο
535 1180 680 1262 Ἰωάννης
706 1175 723 1242 ό
746 1179 856 1262 Rapta
875 1179 1022 1262 γενέσθαι
1042 1175 1157 1258 πατρό-
1191 1239 1192 1244 ,

58 1305 142 1363 κιος,
164 1280 378 1363 όποσχόμενος
397 1279 525 1364 α’γαγεΐν
545 1276 779 1365 Πατζινόκοος.
800 1281 857 1362 τῆς
878 1273 1031 1361 αἰτήσεως
1051 1272 1220 1357 τοχτόνίθθ

22 1378 154 1464 suenoni
175 1403 207 1446 τε
228 1379 326 1446 πολλὰ
344 1379 452 1464 λαβιόν
476 1381 520 1454 εἰς·
535 1378 590 1462 τὴν
609 1383 671 1443 τοῖν
685 1379 899 1457 Πατζινόκιον
917 1374 1029 1460 χώραν
1052 1373 1157 1464 tinget,

58 1480 117 1545 scol
140 1479 179 1564 δη
204 1477 345 1563 όμὴρονς
365 1481 485 1546 ἐκεῖθεν
505 1478 613 1560 λαβών
636 1473 751 1562 ἤγαγεν
773 1479 808 1542 ἐν
827 1479 869 1562 τῇ
883 1476 979 1557 πόλει,
999 1477 1158 1557 συνθεμέ-

57 1605 125 1646 νων
148 1581 212 1644 τοῖν
234 1579 445 1658 Πατζινοὶκων
466 1579 657 1660 διαπερᾶσαι
680 1579 736 1642 καί
753 1575 807 1644 τόν
829 1574 962 1657 Συμεών
983 1581 1157 1640 καταπολε-

58 1683 173 1764 μῆσαι.
215 1681 402 1761 παρεγένετο
425 1680 460 1742 ti
481 1679 515 1743 όν
533 1681 572 1763 τῇ
587 1678 676 1742 πόλει
699 1677 753 1742 καὶ
770 1671 920 1754 Ἀσοότιος
942 1673 1023 1759 α’νὴρ
1047 1677 1156 1756 inner-

60 1781 117 1866 ριἠι
140 1775 403 1859 ὀνομαστότατος,
429 1776 499 1853 υἱός
522 1773 566 1842 σόν
585 1781 643 1842 τοῦ
673 1771 825 1860 ἄρχοντος
843 1780 906 1842 τῶν
925 1776 1100 1858 α’ρχόντων,
1122 1771 1185 1840 isli

16 1879 145 1965 ¹⁵pnos
165 1879 300 1960 σιδηρᾶν
320 1875 441 1963 ῥάβδον
460 1879 496 1954 εἰς
516 1881 580 1942 τῶν
600 1871 879 1960 όκρωνόκατέροιις
888 1877 983 1957 χερσὶ
1002 1875 1157 1956 κρατοῦν-

57 2003 99 2044 τα
123 1979 164 2064 τῇ
185 1976 426 2065 ὑπερβαλλούσῃ
448 1979 528 2066 disp*
547 1974 753 2060 διακόμπτετν
769 1981 823 2040 καί
854 1973 933 2058 πρός
954 1972 989 2040 τό
1011 1971 1159 2037 κυκλικὸν

58 2080 172 2162 σχῆμα
193 2076 359 2160 μετάγειν,
380 2082 434 2160 τῆς
460 2075 630 2141 α’ντιιόπον
659 2079 717 2140 τοῦ
737 2074 874 2162 σιδήρου
895 2074 1020 2161 φύσεως
1042 2075 1080 2161 τῇ
1100 2075 1156 2162 βιζι

59 2180 122 2241 τῶν
144 2179 266 2258 χειροῖν
286 2173 496 2262 ὑπεικούσης·
538 2174 573 2240 ’όν
592 2174 841 2260 παραγινόμενον
863 2171 945 2255 μετὰ
970 2179 1086 2257 πολλῆς
1106 2195 1157 2238 τι.

60 2277 122 2361 μῆς
141 2275 332 2352 tuccetum
354 2278 410 2340 seni
428 2275 523 2339 πόλιν
544 2277 589 2351 εἰς
608 2273 667 2358 τὴν
687 2277 773 2341 ι’δίαν
791 2277 903 2359 χώραν
925 2276 1116 2354 ἐξέπεμψαν.

9 2379 52 2434 20
144 2376 350 2462 Σεπτεμβρίην
376 2378 454 2460 μηνί
481 2377 674 2450 ι’νδικτιῶνος
700 2380 807 2460 τρίτης
840 2363 1111 2457 Παγκροντοόκας
1137 2369 1157 2435 δ

50 2472 217 2560 Ἀρμένης
245 2473 304 2559 την
335 2473 595 2559 Ἀδριανοόπολιν
624 2478 668 2565 τῷ
688 2474 822 2557 Συμεών
840 2475 1048 2562 προδέδωκεν.
1089 2479 1156 2557 μετ’

134 2640 161 2692 3.
184 2649 247 2710 post
272 2643 427 2713 Δαμονίκου
453 2641 523 2694 adde
541 2661 573 2696 ex
596 2639 670 2698 aliis:
690 2642 873 2718 δταιριόρχαν
897 2642 1072 2714 καταβιβάζει
1089 2635 1154 2708 zos}

132 2710 275 2769 Νικόλαον
291 2709 469 2784 ποιριιλρχην
486 2714 570 2766 Cosnb

56 2863 299 2934 Theopbylnctnns
322 2866 494 2919 Dosninicnm
521 2867 732 2920 betaerlarcbam
754 2869 872 2922 institnit
928 2871 1043 2922 loannes
1061 2873 1152 2921 ansteus

56 2935 160 2990 Elatiae
178 2935 271 2988 morbo
290 2946 429 3008 correptus
450 2947 478 2992 et
495 2939 598 3007 palatio
627 2940 771 3007 digressus,
791 2958 849 2990 cum
869 2938 903 2990 ad
923 2939 1081 2991 blachernas
1100 2955 1152 3009 np-

55 3007 194 3081 pnlisset,
214 3007 306 3060 inorbo
331 3011 530 3076 ingravescente
555 3011 677 3060 snoritur.
719 3011 853 3062 Dominici
880 3018 1006 3078 porroet
1028 3009 1150 3062 eiusdem

56 3077 163 3130 mentis
181 3077 319 3130 bominum
345 3079 460 3131 consilio
486 3097 544 3130 cnm
564 3081 647 3131 animi
667 3080 787 3131 elatione
810 3081 938 3131 ecclesiae
959 3080 1150 3154 (reipublicae)

58 3149 324 3201 administrationem
354 3150 406 3201 sibi
424 3150 564 3220 arrogabat
581 3152 632 3203 Zoe
651 3160 680 3203 et
705 3167 798 3201 curare
817 3167 845 3202 se
860 3151 986 3202 iactabat.
1024 3151 1151 3206 Simeone

55 3235 126 3275 vero
140 3220 313 3287 bulgarorum
325 3222 449 3292 principe
464 3222 604 3274 Thraciam
618 3223 714 3273 iterum
729 3221 895 3283 devastante,
914 3223 1031 3292 Angusta
1051 3231 1079 3274 et
1097 3223 1151 3273 im-

55 3291 132 3362 perii
150 3307 273 3359 proceres
297 3289 331 3343 de
350 3292 407 3344 eius
435 3294 563 3345 iactantia
591 3293 762 3362 reprimenda
781 3300 809 3343 et
826 3292 958 3364 placanda
976 3300 1053 3345 erent
1070 3293 1151 3344 solli-

57 3361 119 3414 citi.
156 3359 199 3411 bis
217 3362 330 3430 cognitis
361 3363 476 3416 loannes
501 3365 580 3432 bagae
610 3361 725 3432 expetiit
750 3361 917 3434 patriarchae
935 3363 1105 3430 dignitatem,
1123 3371 1151 3416 et

57 3433 82 3485 si
107 3433 245 3500 postulata
269 3444 496 3503 consequeretur,
520 3433 673 3486 Patainaces
696 3433 872 3486 adducturum
900 3451 929 3486 se
950 3434 1151 3506 pollicebatur;

56 3503 216 3573 delatisque
247 3519 338 3556 secnsn
366 3505 522 3556 ranneribns
547 3508 575 3557 iu
598 3505 762 3557 Patsinncnm
786 3507 921 3573 regionem
942 3505 1078 3574 profectus
1099 3513 1149 3556 est.

58 3571 204 3627 obsidibus
222 3574 285 3626 inde
303 3574 437 3639 abductis,
455 3593 512 3628 cum
527 3577 582 3628 iilis
597 3577 625 3627 in
646 3577 738 3628 urbem
757 3577 872 3646 appulit,
887 3575 1071 3628 Patzinacibus
1094 3583 1150 3626 tra-

56 3646 142 3696 iicere
159 3649 211 3695 iam
230 3647 361 3714 pollicitis
382 3654 410 3698 et
427 3649 578 3699 Simeonem
605 3645 751 3699 debellare.
772 3648 885 3698 accessit
902 3648 982 3698 etiam
1000 3647 1034 3696 ad
1055 3646 1150 3698 urbem

56 3716 178 3779 Asotius,
197 3717 235 3766 sir
259 3717 357 3785 peritia
380 3719 627 3780 nominatissimus,
649 3720 733 3788 princi
757 3719 779 3769 is
798 3719 946 3786 Principum
967 3718 1048 3776 filins.
1068 3734 1149 3786 qsreut

56 3787 159 3854 virgam
180 3786 292 3838 ferream
308 3788 411 3840 duabus
423 3789 635 3841 extremitatibus
653 3737 847 3858 approbantem
865 3789 900 3840 ob
915 3787 1000 3840 robur
1020 3789 1150 3839 invictum

57 3855 196 3908 inflexisse
226 3867 255 3909 et
281 3857 316 3910 ad
343 3860 498 3911 circularem
527 3861 635 3928 figuram
654 3860 806 3910 traduxisse
830 3867 948 3923 namnet,
967 3861 1029 3910 icrri
1051 3859 1149 3918 duritia

58 3929 262 3998 renitentiaqne
290 3931 407 3980 naturali
439 3932 529 3982 robori
547 3948 674 3982 manuum
696 3932 832 3982 obsecuta.
870 3947 931 3982 eum
959 3931 1149 3982 advenientem

57 3999 146 4051 multo
173 4017 233 4050 cum
259 3998 363 4052 honore
388 4010 561 4072 exceperunt,
582 4011 610 4054 et
627 4003 685 4072 pari
713 4001 946 4070 congratulatione
966 4002 995 4054 iu
1013 4002 1150 4072 propriam

57 4071 198 4138 regionem
220 4074 389 4123 remiserunt.

128 4139 281 4210 Septembri
302 4159 402 4206 mense,
417 4141 572 4196 indictionis
591 4145 697 4208 tertiae,
709 4143 887 4196 Pancruiucae
900 4141 1039 4196 Armenius
1053 4140 1149 4193 Adria-

57 4212 184 4284 sopolim
203 4211 326 4270 simeoni
342 4213 474 4285 prodidit.
516 4213 589 4268 band
614 4214 662 4270 din
682 4223 765 4287 post,
782 4215 894 4268 Basilius
910 4214 1039 4286 patric-ine
1056 4220 1084 4280 et
1103 4229 1152 4264 ca-
