2826 4868
224 309 276 371 na
296 307 600 373 arrrssmource
620 307 647 372 s
666 307 824 373 aestuis
844 308 988 374 mauu.
1087 295 1161 376 437

67 455 126 520 δοῖ
143 460 201 521 soii
229 455 405 540 ἐμπελάσαι
435 459 490 525 τόν
510 482 546 524 τε
575 458 713 545 ἀδελφὸν
737 459 795 542 τήν
822 482 856 524 τε
877 460 1000 546 μητέρα
1021 465 1086 536 τοῖς
1105 460 1163 524 τού

66 558 271 640 Ἀνδρονίκου
293 556 450 642 άφύκτοις
471 562 576 640 λίνοις,
601 553 670 622 dll’
691 559 770 624 αύτύ
791 557 829 645 δη
849 559 884 624 τύ
908 553 1014 644 άκροος
1032 558 1164 642 α’μελεῖν

67 654 125 720 καὶ
146 654 235 739 παρά
265 661 390 744 φαῦλον
417 658 475 744 την
503 657 658 743 τοσαύτην
687 659 778 722 πόλιν
805 663 957 724 τίθεσθαι
977 655 1035 723 κατ’
1051 655 1106 723 τὸν
1129 658 1164 722 ἐν

66 755 154 842 αύτῇ
173 757 276 822 πάντα
296 755 382 844 λαόν,
402 761 461 824 καί
474 781 534 822 που
555 763 609 824 καί
628 751 782 841 εὔχεσθαι
808 757 865 824 τὸν
889 755 1063 843 στρατηγὸν
1094 759 1164 823 ἐπι-

39 859 232 941 5τμηδηναι
257 855 311 922 τὸν
332 863 386 943 τῆς
406 858 554 936 ἁλώσεως
572 857 711 942 χρόνον,
735 856 769 924 εἴ
784 882 851 935 πως
878 857 1026 946 ἐκφοράν
1047 855 1082 922 τύ
1104 858 1163 922 τοῦ

63 959 224 1036 βασιλέως
247 957 415 1041 πρόσωπον
443 963 476 1035 ἐς
505 959 641 1043 κόρακας
662 957 866 1042 πτερύξεται,
887 960 1033 1044 συγγενὲς
1054 951 1095 1022 dv
1113 954 1162 1040 εἴη

61 1053 153 1137 μάλα
176 1061 220 1145 τῷ
239 1060 435 1144 προδιδόναι,
453 1061 511 1124 καί
526 1083 588 1124 που
611 1058 665 1125 κατ’
682 1067 803 1142 χεῖρον,
827 1057 872 1136 οὖς
893 1051 933 1124 ἄν
953 1083 1001 1136 τις
1020 1060 1078 1124 rosi
1103 1063 1163 1122 λα·

62 1161 133 1221 λεῖν
151 1157 293 1242 τεχνίτης
322 1160 560 1242 ε’παγοονύσαιτο.
602 1161 658 1225 καί
686 1157 704 1224 δ
734 1160 919 1242 λογίζεσθαι
939 1151 1067 1234 συνετὸς
1085 1178 1223 1234 rav-237

4 1335 32 1346 ..
63 1257 147 1335 τιζοι
166 1260 242 1340 γοῦν
261 1265 348 1325 ταῦτ’
369 1255 410 1324 dv
429 1258 508 1325 κατά
530 1258 564 1326 τύ
586 1255 766 1342 σύοτοιχον.
802 1253 885 1326 ούτω
900 1263 956 1326 καί
976 1257 1163 1342 οἰακοστρύ.

12 1370 57 1426 10
66 1378 126 1442 φας
146 1354 227 1434 νεάς
247 1359 287 1422 ού
306 1356 385 1424 κατά
406 1360 536 1445 κυρείαν
568 1357 649 1426 diti
672 1362 795 1442 μισθοῦ
815 1361 846 1426 εἰ
867 1361 910 1449 τῷ
934 1365 1162 1446 κιφαλαιασα-

62 1458 148 1546 με’νρν
181 1457 238 1541 τὴν
268 1461 348 1524 ναδν
374 1460 515 1547 ε’γκοτούη
544 1463 577 1538 ἐς
604 1453 680 1526 ὅσον
709 1461 767 1525 orire
786 1457 854 1526 ἔστι
880 1461 974 1526 πλέον
995 1461 1161 1540 ἐπιτεῖναι,

62 1560 240 1638 παραμένει
265 1561 325 1640 μέν
352 1582 426 1624 ποτε
455 1561 700 1650 κινδυνευούσῃ,
737 1565 832 1625 λαλεῖ
856 1562 892 1626 δὲ
921 1561 1077 1642 άσνντελῆ
1108 1560 1164 1622 κατ’

62 1653 193 1742 τράποι
212 1655 276 1722 σάοι
289 1655 496 1748 άρρρθύμοος,
518 1662 574 1727 καί
594 1657 653 1744 τὴν
673 1663 787 1744 τέχνην
809 1659 855 1736 εἰς
883 1657 920 1726 ri
946 1663 1010 1724 πάν
1032 1655 1161 1723 nonrel-

61 1761 120 1834 λας
144 1757 261 1842 α’φιήσι
282 1757 318 1823 τὸ
343 1757 466 1847 σκάφος
482 1762 748 1847 προσαραχδῆναι
762 1763 903 1847 σκοπέλῳ
924 1762 980 1824 κατ’
998 1753 1079 1823 κατά
1099 1759 1159 1837 βα·

16 1858 125 1921 aaron
146 1858 242 1924 δῦναι
265 1861 354 1948 αύτῷ
377 1859 486 1950 φάρτφ
518 1863 575 1927 κατ’
595 1859 759 1945 ἀνδράσιν.
802 1853 886 1924 odrae
905 1861 963 1924 καί
981 1857 1086 1946 φύλαξ
1106 1877 1159 1920 τε.

58 1957 223 2042 λεσφύρον
245 1958 404 2045 άμπέλον,
428 1957 577 2038 καθάπαξ
605 1961 791 2044 άποσταγύύν
822 1957 878 2024 τὸν
899 1959 1056 2042 δεσπότην
1075 1951 1157 2022 κατά

54 2065 152 2136 μῖσος
187 2061 328 2136 τέλειον,
360 2057 502 2144 βοτρύων
520 2065 581 2144 μὲν
601 2060 678 2136 ἴσως
709 2055 844 2125 duretur
863 2059 1033 2144 εἶςούδὲν,
1050 2053 1157 2140 συχνά

55 2159 91 2222 δὲ
117 2160 166 2246 πῇ
184 2159 244 2238 μὲν
266 2155 352 2224 κάτω
374 2159 552 2243 περιοδεύει
572 2165 617 2249 πῇ
643 2164 679 2226 δὲ
698 2163 754 2226 τού
773 2159 1001 2242 σκοπεντηρύοα
1028 2157 1158 2241 γίνεται,

53 2260 113 2321 καί
134 2249 199 2321 ὧδε
226 2257 282 2323 καί
309 2261 378 2324 ε’κει·
393 2257 659 2342 περιβλεπύμενος
686 2258 841 2345 φαντάζει
862 2261 1053 2341 ἐπιμέλειαν,
1074 2255 1159 2340 ὀροῖν

4 2355 97 2418 eote
118 2355 176 2440 την
197 2361 258 2422 τού
278 2363 430 2444 φραγμοῦ
450 2359 608 2442 σύμπηξιν
621 2357 747 2442 ναύτην
769 2359 819 2424 ἐπ’
839 2361 928 2446 αύτῷ
941 2357 1066 2442 τάφρον
1085 2360 1158 2422 ε’πι-

58 2457 303 2538 βοσλευσάμενά
323 2464 422 2522 ποθεν
441 2461 498 2524 ούκ
517 2457 708 2540 άποκσολύει,
737 2458 806 2524 ἀλλ’
826 2455 877 2524 olo
900 2456 957 2523 seul
976 2452 1158 2522 άπονυστά-

56 2554 124 2632 ζοον
139 2556 304 2640 διάκειται,
323 2559 429 2623 α’νύοον
450 2563 510 2640 μὲν
530 2553 615 2626 ούτοο
636 2557 672 2624 τύ
698 2559 780 2624 κατά
803 2561 861 2624 τού
883 2559 1079 2642 κτησαμένου
1099 2554 1158 2638 τὴν

51 2644 202 2734 ἄμπελον
230 2656 367 2744 βλάβος,
388 2659 527 2742 μελετῶν
559 2661 596 2726 δὲ
624 2654 776 2744 ὀμεῖσθαι
807 2665 871 2736 τοῖς
893 2659 1093 2740 αἰτιωμένοις
1114 2653 1158 2732 οἱς

54 2915 133 2962 enta
152 2913 237 2982 gratia
254 2915 445 2978 tntercessertt,
459 2923 554 2979 aretu,
573 2932 608 2968 ne
628 2915 712 2968 scater
730 2921 759 2966 et
769 2921 855 2966 mater
874 2911 900 2966 ln
917 2910 1031 2964 insidias
1050 2907 1157 2962 Andro·

52 2979 116 3031 nici
136 2983 309 3037 inevitabiles
336 2987 587 3050 committerentur,
616 2986 737 3055 proiecto
771 2983 883 3053 insignis
905 2983 954 3035 ista
979 2999 1015 3034 ne
1034 2980 1156 3046 ligentie,

51 3061 234 3117 quarinum
259 3055 354 3107 urbem
380 3066 407 3109 et
434 3057 568 3110 civilatem
600 3057 751 3108 universam
770 3072 819 3122 pro
843 3053 932 3106 nihilo
951 2998 1155 3111 clualrabebat‚

51 3119 127 3186 quin
143 3125 198 3178 imo
219 3127 427 3195 expugnationis
448 3145 548 3179 morans
568 3128 649 3179 etiam
667 3124 790 3178 contrabi
810 3123 946 3194 cupiebat,
964 3123 986 3176 si
1006 3121 1078 3174 sorte
1097 3120 1156 3172 evi·

47 3195 115 3240 ²²10
143 3196 305 3268 adspectum*
332 3199 500 3266 imperatoris
527 3208 555 3249 ct
582 3207 654 3249 recta
686 3197 749 3248 lrinc
784 3195 859 3247 abire
884 3201 991 3265 posset,
1010 3189 1156 3244 admodum

43 3253 142 3317 affiuis
157 3267 306 3338 proditioni
320 3277 348 3322 et
367 3271 479 3322 tortasse
493 3270 573 3322 etiam
587 3266 740 3339 peiusquid
751 3274 817 3328 erat,
840 3275 871 3318 ut
892 3265 953 3336 quis
973 3263 1086 3317 sortasse
1104 3260 1156 3313 de·

37 3335 246 3390 monstraverit
279 3338 386 3394 dicendi
409 3341 516 3392 artifex.
562 3339 644 3392 homo
667 3335 845 3391 ratiocinandi
868 3337 972 3407 peritus
993 3336 1022 3386 in
1041 3331 1155 3385 eandem

35 3406 132 3470 felle
152 3411 264 3461 classem
283 3410 382 3463 haecce
403 3413 535 3463 retulerit.
580 3411 746 3480 gubernator
762 3410 848 3472 navis,
869 3408 915 3479 qui
935 3423 992 3458 non
1011 3404 1154 3456 nauclerus

32 3459 145 3541 mens,
164 3480 212 3532 sed
230 3481 353 3535 mercede
372 3483 522 3535 conductus
543 3483 635 3544 suerit,
657 3482 679 3532 si
697 3480 824 3548 magistro
844 3478 918 3530 naris
936 3483 1104 3536 succenseat,
1123 3479 1156 3525 ut

28 3541 106 3594 ¹²⁰¹!
132 3552 218 3619 possit
236 3555 328 3618 magis,
349 3554 499 3606 remenebit
517 3554 628 3623 quidem
653 3554 681 3604 in
699 3551 776 3610 navi,
794 3551 815 3601 si
837 3551 905 3602 sorte
924 3565 955 3600 ca
973 3547 1155 3618 periclitetur,

25 3605 92 3674 fed
115 3620 248 3692 loquetur
262 3641 329 3674 vana
347 3641 397 3676 nec
414 3641 470 3677 non
484 3625 602 3692 seguiter
615 3631 684 3690 aget,
705 3623 778 3674 omni
798 3621 917 3690 denique
936 3617 1028 3671 studio
1045 3629 1156 3686 prorsus

22 3677 230 3764 ”figendum
254 3695 390 3763 navigium
410 3697 523 3766 scopulo
544 3695 655 3764 impingi
675 3702 703 3744 et
722 3709 828 3762 pessum
848 3691 887 3743 ire
908 3695 968 3746 iuna
993 3705 1056 3740 cum
1073 3695 1159 3738 onere

19 3745 118 3808 '¹¹⁰st
142 3781 174 3816 ue
189 3766 314 3834 patietur.
332 3767 457 3818 similiter
476 3783 563 3818 rursus
583 3775 672 3816 custos
685 3764 789 3824 vineae,
806 3760 869 3814 odio
883 3759 1021 3811 dominum
1032 3757 1158 3808 Vatinia-

15 3815 74 3917 ἕω
107 3849 128 3883 as
150 3836 282 3899 ominans,
303 3839 367 3888 uvas
386 3838 499 3889 sortasse
517 3855 572 3889 non
585 3836 715 3906 attigerit,
734 3833 783 3886 secl
801 3832 949 3884 crebrovel
970 3832 1040 3882 inira
1058 3827 1158 3878 collem

12 3891 269 3988 e¹.¹³¹ubulaverit
299 3909 343 3960 vel
370 3909 539 3960 continuerit
565 3925 594 3960 se
614 3909 642 3958 in
669 3907 788 3975 specula,
810 3911 838 3956 et
856 3902 900 3953 hit
920 3902 979 3953 illic
998 3897 1158 3966 circumspi-

11 3961 154 4058 e¹⁹¹ldo
175 3977 345 4046 diligentiam
363 3979 537 4044 simulaverit,
557 3996 606 4030 nec
624 3977 748 4038 arcuerit,
764 3990 882 4034 securus,
894 3971 958 4024 dnm
974 3971 1158 4041 sepimentum

9 4024 59 4132 dt
112 4049 213 4100 fossam
242 4049 326 4112 videt,
345 4050 505 4101 insidiantes
527 4049 652 4101 alicunde
677 4048 766 4106 fures,
791 4043 838 4096 sed
858 4044 935 4114 φανεῖ
960 4041 1161 4094 sornniculosus

13 4147 23 4156 -
45 4107 236 4181 ‘euboeam
256 4121 369 4190 explens
395 4123 433 4172 ita
458 4137 536 4172 strum
554 4122 582 4173 in
603 4121 742 4172 dominum
764 4117 859 4168 vineae
878 4112 980 4176 odium,
998 4111 1046 4164 sed
1065 4118 1157 4162 tamen

9 4159 144 4244 ¹²¹‘r'trs
163 4199 292 4262 paratus,
321 4193 344 4244 si
373 4193 433 4262 quir
454 4193 636 4256 accusaverit,
668 4205 720 4243 nec
739 4187 893 4241 ‹liscessisse
912 4201 941 4238 se
962 4201 978 4236 s
999 4184 1086 4246 riam,
1105 4195 1158 4233 nec
