2826 4868
208 291 263 353 on
282 286 586 354 nurssasoivrca
607 287 635 352 a
655 287 813 354 saurais
834 288 979 355 caera.
1085 277 1158 354 447

58 442 177 522 ζονοαί
194 463 227 506 τε
257 444 313 506 καί
331 439 492 528 νεάνιδες,
512 441 567 504 καί
586 438 650 524 μὴν
668 443 725 504 καί
742 433 819 514 ὅσας
840 438 876 504 ro*
897 441 1000 524 γῆρας
1019 429 1082 523 ἤδη
1099 462 1159 502 κα-

56 550 188 623 ταρχεῑν
218 537 320 608 ἐποίει
341 537 386 604 'sd
413 537 490 623 ἔργα
512 543 750 624 συχκεκυφυίας
776 535 855 603 ἐνθα
876 538 912 602 τό
933 541 1021 614 τέλος
1041 538 1159 604 πεσού-

56 645 161 724 μεθοι,
182 636 217 705 αἱ
249 643 399 706 τοιαῦται
428 638 554 718 δόξαιεν
583 633 622 704 ἐν
643 639 735 706 οὐδὲν
754 663 785 702 ιι
817 643 899 722 μέγα
920 645 1033 721 ποιεῖν,
1052 639 1085 702 εί
1103 643 1161 702 καί

58 745 197 826 ἐποίουν,
222 740 257 806 τὸ
278 739 442 808 δύνασθαι
461 739 650 822 βιαζόμεναι
670 742 726 805 καί
748 742 790 804 dt’
812 738 934 824 ἡμέρας
955 733 1157 819 πονούμενοι.

32 835 132 906 adone
161 843 197 906 di
230 843 286 905 καί
318 838 397 927 πρὸς
427 837 584 922 ὁπλισμὸν
612 836 810 924 ἐρρύθμιζον
839 831 974 918 invade,
1006 833 1083 923 ῥάκη
1105 839 1161 902 καί

55 940 200 1025 ψιάθους
221 939 431 1022 ἐναπτέμεναι
458 939 535 1006 ὥστε
568 941 626 1004 καί
642 963 731 1014 τινας
757 939 926 1022 θώρακας,
953 937 1086 1012 καὶτὰς
1106 959 1159 1000 κε-

54 1042 164 1126 φαλὰς
184 1045 312 1124 μίτραις
336 1043 383 1117 εἰς
403 1039 516 1125 ἐλιχμα
540 1039 831 1122 διαλαμβάνουσαι,
854 1036 971 1112 εἴπας
999 1040 1160 1120 στρατιῶ-

53 1166 107 1204 ται
130 1135 213 1206 εἶναι
236 1141 441 1227 σοφίσονται,
468 1139 525 1204 καί
554 1139 667 1216 λίθους
687 1138 935 1220 ἐαισαττόμεναι
958 1130 1158 1221 ἇχαθσύς’ἐκ

50 1244 172 1324 χειρῶν
196 1241 351 1326 ἀφίεσθαι
373 1245 433 1305 τοῦ
451 1245 577 1324 τείχους
598 1243 748 1322 ἐγίνοντο,
769 1238 824 1304 καί
844 1237 888 1314 os‘c
911 1230 1000 1320 εἶχον
1024 1234 1157 1318 ἔβαλλον

19 1341 128 1416 λλτούς
150 1344 300 1426 ἐχθρούς,
321 1383 362 1414 -,
388 1342 456 1406 ἀλλ’
477 1339 575 1407 αὗταί
604 1339 662 1426 τὴν
685 1337 889 1422 Ἀμαζόνειον
909 1335 1054 1420 ἱστορίαν
1078 1361 1157 1420 συγ.

50 1444 200 1524 κροτοῦσι
223 1446 278 1508 καί
308 1435 364 1505 οὔκ
387 1442 525 1527 α’φιᾶσιν
556 1443 678 1526 ἐκείνην
700 1441 898 1524 ἐλέγχεσθαι.
941 1435 1073 1512 καὶτὰς
1095 1462 1159 1500 πα.

49 1542 148 1617 λαιᾶς
170 1543 206 1606 di
227 1541 453 1626 διακρούονται
483 1543 789 1627 παρευδοκιμοιῖσαι,
815 1536 854 1616 ἃς
874 1539 1007 1620 οἴδαμεν
1028 1544 1159 1621 κουραῖς

49 1644 201 1724 κεφαλῶν
229 1645 408 1726 ἐπικουρεῖν
438 1649 505 1718 τοῖς
535 1640 747 1726 πατριώταις,
781 1640 1044 1722 σχοινοαλσκσῦσι
1074 1634 1157 1700 κατὰ

47 1745 194 1822 πολέμου
217 1740 397 1826 α’ναγκαιίος
418 1744 453 1806 ἐκ
474 1739 626 1807 τοιούτων
647 1745 787 1824 τριχῶν·
810 1741 850 1803 ου’
870 1735 931 1823 γὰρ
957 1735 1071 1821 τρίχας
1093 1727 1156 1801 αὖ.

17 1849 103 1906 aros
125 1834 208 1905 ἀλλὰ
231 1843 345 1924 ψυχὰς
365 1843 521 1926 προΐεντο.
563 1842 642 1906 s'doiv
661 1835 860 1920 ἐνΣολσμών
885 1837 985 1914 adedo
1005 1841 1158 1920 συγκατέ-

42 1957 157 2026 χραψε
177 1944 216 2029 τῇ
236 1944 312 2023 παρ’
334 1942 424 2030 αὐτῷ
446 1943 579 2028 ἀνδρικῇ
599 1942 743 2026 γυναικί,
772 1933 1030 2024 προσαπορήσας,
1051 1939 1097 2012 εἰς
1118 1935 1157 2021 ἣν

42 2037 246 2126 προνβέλετο
269 2036 423 2126 ζήτησιν·
451 2039 506 2106 καί
526 2035 567 2124 ἦν
587 2044 686 2108 εἰπεῖν
700 2040 769 2108 τότε
791 2039 866 2116 τούς
888 2037 1027 2124 ὁρῶντας
1048 2033 1102 2102 τόν
1119 2061 1153 2101 τε

41 2142 158 2208 Δαοῒιλ
176 2139 232 2206 καί
252 2139 328 2216 τούς
346 2141 430 2225 ἄμφ’
463 2139 561 2205 αὐτὸν
584 2140 780 2215 Δαοϊτικσύς
802 2131 899 2224 (ἦσαν
919 2139 991 2224 γάρ,
1014 2131 1083 2202 ὅσοι
1105 2139 1151 2212 εἰς

41 2235 167 2306 sodada
191 2242 297 2330 ἐκείνῳ
317 2241 437 2321 ἐνόουν,
457 2240 538 2306 κακοὶ
567 2245 762 2327 φρονοῦντες,
789 2240 886 2304 ὁποῖα
903 2237 943 2304 τὰ
965 2241 1028 2304 ταῖν
1049 2238 1149 2321 κορα-

0 2365 111 2404 κων
143 2339 302 2404 κολάκων·
353 2342 441 2425 οἵπερ
476 2345 627 2416 ἐπαίνους
649 2340 840 2422 κρώζοντες,
868 2341 921 2426 ἐφ’
953 2333 999 2414 οἷς
1037 2339 1156 2416 ἐκεῖνος

52 2442 220 2524 α’φραινισν
240 2433 300 2525 ἦν,
323 2438 453 2526 ἐφύσων
474 2442 519 2517 είς
541 2438 778 2526 μεγαλειότητα)
803 2437 845 2515 ὦς
869 2437 903 2502 αἱ
930 2441 990 2520 μὲν
1010 2447 1155 2522 γυναῖκες
1209 2517 1212 2525 ¹

48 2540 126 2624 ἡμῖν
150 2537 266 2624 ἄνδρες
287 2541 438 2624 ἐγένοντο,
461 2552 606 2624 γυναῖκες
629 2544 664 2606 di
689 2539 717 2604 oi
736 2533 850 2626 ἄνδρες
873 2539 903 2605 οὶ
926 2540 1150 2618 ιλαοϊδίζοντες.

41 2830 106 2874 tuns
127 2819 219 2871 fundis
239 2819 428 2889 suggerebant,
446 2829 494 2875 sut
512 2839 608 2894 aquam
624 2821 814 2893 apportabant,
835 2821 1024 2874 adolescentes
1039 2820 1105 2874 illae
1124 2829 1152 2874 et

39 2892 169 2964 puellae,
189 2892 257 2960 quin
277 2894 357 2944 etiam
377 2909 448 2963 quae
470 2901 558 2946 aetate
576 2895 745 2965 provectiore
768 2893 803 2943 ad
821 2909 903 2962 opera
923 2893 1085 2945 infirmiores
1107 2894 1151 2944 ia-

39 2974 108 3016 ctae
131 2971 159 3014 et
178 2971 303 3014 curvatae
326 2974 412 3026 erant,
431 2962 465 3014 ad
483 2965 636 3034 sepulerum
654 2965 731 3036 quasi
754 2965 895 3032 proclives,
918 2980 967 3016 eae
987 2963 1151 3016 videbantur

39 3034 119 3086 nihii
139 3050 264 3100 magnum
283 3034 381 3100 iacere,
400 3036 505 3089 etiamsi
525 3035 682 3098 iaciebant,
701 3044 831 3104 quantum
852 3042 988 3104 poterant,
1004 3035 1148 3102 fatigantes
1242 3069 1245 3078 «

42 3123 75 3160 se
98 3113 128 3156 et
146 3113 204 3156 toto
236 3104 279 3156 die
309 3106 474 3161 laborantes.
522 3114 660 3177 quotquot
686 3115 777 3156 autern
797 3104 832 3156 ad
854 3106 959 3176 proelia
976 3123 1006 3156 se
1023 3105 1150 3172 accinge-

38 3178 130 3238 bant,
155 3177 252 3245 pennis
282 3187 310 3228 et
337 3178 500 3246 tegumentis
521 3177 640 3230 iuncosis
665 3186 792 3246 tanquam
821 3177 904 3227 lorica
937 3193 1035 3245 corpus
1066 3175 1149 3228 indu.

39 3259 99 3310 tae,
124 3254 152 3298 et
171 3256 253 3315 caput
271 3248 358 3300 fasciis
378 3249 456 3301 tortis
477 3249 594 3313 vinctae,
613 3266 669 3318 quo
691 3248 817 3300 militiam
839 3265 935 3318 parare
956 3254 1076 3318 possent,
1096 3265 1148 3300 uu-

39 3320 131 3388 dique
151 3318 279 3370 advectos
309 3320 414 3389 lapides
441 3319 475 3372 de
493 3337 571 3370 muso
590 3320 780 3382 coniiciebant,
800 3329 837 3370 ·et
856 3336 898 3382 eo,
918 3327 1076 3389 quoerant,
1097 3317 1148 3370 ha·

38 3392 106 3442 bitu
128 3388 220 3440 hostes
240 3390 410 3442 lacessebant
426 3421 461 3432 --
479 3392 545 3442 illae
561 3408 624 3444 vero
636 3395 809 3456 ,Amazonum
828 3389 967 3443 historiam
987 3390 1147 3458 comproba·

37 3463 123 3522 hant,
146 3477 196 3511 nec
215 3455 279 3512 eam'
299 3463 410 3514 refutari
430 3463 620 3532 patiebantur3
647 3479 678 3513 sc
707 3462 891 3534 reprimebant
911 3461 1147 3530 obscurabautqoo

38 3541 151 3584 veteres
170 3532 241 3594 illas,
259 3551 326 3602 quas
347 3534 467 3586 crinibus
495 3536 550 3586 suis
570 3533 726 3586 subvenisse
757 3535 861 3586 civibus
880 3533 1009 3586 tradituro
1030 3540 1080 3593 est,
1099 3533 1146 3602 qui

39 3605 127 3656 sones
149 3603 183 3654 ad
203 3603 307 3655 bellum
326 3607 491 3658 necessarios
511 3623 544 3658 ex
563 3605 671 3656 illarum
691 3606 796 3676 capillis
815 3613 970 3658 texuerunt.
991 3605 1053 3674 ipae
1075 3606 1147 3654 enim

38 3692 102 3727 non
124 3675 220 3736 crines,
238 3675 286 3727 sed
305 3678 407 3728 animas
426 3675 638 3748 profundebant.
664 3693 732 3746 quas
752 3679 773 3729 si
788 3677 905 3738 ‚Soiomo
924 3675 1054 3736 vidisset,
1074 3691 1149 3726 corn-

40 3745 183 3817 posuisset
200 3762 253 3797 ¹eas
280 3747 344 3799 forti
364 3749 406 3801 ilii
424 3749 533 3800 mulieri
552 3765 627 3808 suae,
646 3747 746 3799 dubius
764 3757 904 3817 praeterea
922 3746 956 3798 de
975 3747 1148 3814 quaestione,
1190 3799 1196 3816 ¹

41 3833 128 3888 quem
149 3816 201 3867 sibi
220 3821 371 3887 proposuit.
417 3837 448 3870 ae
466 3819 555 3872 dicere
587 3828 644 3870 torn
672 3828 798 3888 poterat,
827 3819 874 3889 qui
906 3815 1036 3870 Davidem
1055 3821 1147 3888 etqui

41 3907 107 3940 euru
126 3887 299 3942 sectabantur
318 3890 462 3942 Davidicos
483 3890 588 3942 videret
616 3891 705 3961 (erasit
725 3891 807 3952 enim,
826 3891 874 3959 qui
895 3907 955 3942 cum
974 3889 1023 3940 illo
1046 3891 1147 3940 sentie-

40 3961 122 4020 bant,
140 3960 285 4022 suaievoli,
312 3971 342 4014 ut
362 3971 562 4014 consueverunt
589 3963 710 4013 cornices
733 3961 888 4012 adulantes:
909 3963 954 4030 qui
975 3960 1068 4012 laudes
1088 3977 1148 4010 cro-

42 4033 182 4092 citantes,
211 4033 310 4101 quibus
336 4031 568 4096 ille.ineaniebat,
598 4034 632 4084 ad
653 4032 885 4102 superbiaoseuus
907 4031 1068 4099 inflabant),
1089 4048 1148 4080 suir-

46 4105 126 4153 tieres
147 4103 228 4154 nobis
258 4106 326 4158 viros
354 4104 435 4156 factas
456 4123 531 4168 esse,
550 4106 619 4157 viros
644 4115 750 4166 autern,
770 4105 817 4173 qui
839 4103 935 4156 Davisii
955 4103 1148 4165 adhaerebant,

45 4175 182 4224 mulieres.
