2954 4860
450 327 822 400 cuuououutuum.
1130 329 1179 400 37

86 505 117 548 τε
136 479 251 564 πάσχα
286 484 387 570 κυρίῳ
416 482 554 547 ἐπετέλει
582 480 645 546 άπό
667 485 729 547 τῶν
760 480 885 566 χρόνον
905 481 1006 566 Ἰησοῦ
1029 479 1101 548 υλαῠ
1122 485 1181 547 τοῦ

84 585 180 664 Ναυῆ
207 583 350 646 τοιοῦτον
380 580 425 664 με)
447 581 628 668 γενόμενον,
657 587 713 648 καί
736 585 800 647 τάν
828 583 863 648 ἐν
888 581 1018 670 άσεβείρ
1038 581 1094 646 τὸν
1111 583 1181 664 βίον

83 681 319 766 ἐξεληλυθότων
339 679 378 744 τά
399 681 475 746 ὀστᾶ
495 683 681 767 συναγαγών
708 684 763 748 ἑπέ
782 685 826 772 τρῖ
847 680 1068 769 θυσιαστηρίῳ
1090 685 1182 746 κατέ-

80 806 177 845 καυσε
199 785 267 844 τῶν
296 779 451 864 εἰδώλων,
479 782 536 846 καί
563 782 665 848 πάντα
698 773 999 863 καταστρεψάμενος
1018 783 1182 864 εάσεβειάς

62 887 119 969 ispi
135 885 208 968 λαῷ
229 890 382 964 παρεῖχεν
403 881 631 966 άποδείγματα,
687 885 769 969 φασί
794 885 830 947 δὲ
861 881 918 947 τὸν
938 883 1079 946 Χελκίαν
1101 881 1179 946 άνα-

81 982 188 1064 γνόντα
215 978 253 1045 τὸ
275 979 399 1062 βιβλίαν
425 986 607 1064 παραυτίκα
637 985 922 1068 ἐιαπεφιανηκέναι.
964 979 1181 1070 προεφήτευον

80 1083 109 1145 ll
127 1083 186 1145 ἐπί
206 1077 325 1144 τούτου
347 1081 509 1163 Ἱερεμίας
537 1080 553 1146 ὅ
583 1084 642 1147 τοῦ
669 1086 808 1147 Χελκίου
837 1083 893 1147 καί
923 1083 1095 1167 Σαρουίας,
1124 1077 1183 1145 καί

73 1179 184 1264 ‘Hirtio
209 1178 291 1264 γυνη
315 1184 429 1270 Σελείμ
452 1185 523 1244 soii
553 1179 805 1266 ἷματιοφάλακας
835 1185 894 1246 τοῦ
914 1179 1040 1266 ἐερέαος·
1082 1172 1120 1262 ἢν
1144 1181 1181 1244 δέ

71 1282 125 1346 καί
146 1282 419 1364 ψευδοπροφήτης
451 1282 608 1355 Ἀνανίας.
673 1280 752 1345 κατά
782 1281 915 1356 τούτους
943 1281 1016 1356 τούς
1046 1280 1180 1363 χρόνους

37 1385 218 1461 λθὶλλλυλλα
240 1382 276 1444 ἐν
296 1379 394 1468 Σάμῳ
409 1381 603 1466 ἐγνωρίζετο,
624 1381 680 1445 καί
700 1379 735 1446 τὸ
759 1383 941 1462 Βυζάντιον
961 1383 1091 1465 ἐκτίσθη
1112 1377 1177 1444 άπὸ

72 1485 267 1566 Μεγαρέων.
792 1501 795 1510 “

154 1577 303 1662 Ἰωάχαζ
325 1578 398 1655 υλὸς
425 1581 572 1665 Ἰωσίου,
594 1581 650 1646 τόν
680 1583 802 1664 πατέρα
824 1585 1060 1664 διαδεξάμενος,
1082 1587 1177 1665 βασι-

69 1676 397 1766 teterrimumque.
455 1680 570 1764 Neptu
595 1683 631 1748 δέ
660 1681 812 1764 βασιλτάς
832 1681 1001 1767 Αἰγύπτου
1022 1685 1178 1766 ἐπιστρα-

72 1779 191 1856 τεάσας
221 1786 260 1869 τῇ
287 1781 506 1866 Ἰερουσαλὴμ
533 1784 589 1846 καί
614 1781 851 1865 χειρωσάμενος
881 1782 938 1848 τέν
968 1780 1112 1863 Ἰωάχαζ
1131 1781 1178 1858 εἰς

37 1879 236 1963 15Αἴγυπτον
261 1877 466 1962 αἰχμάλωτον
485 1875 611 1966 άπάγει,
633 1887 688 1947 καί
700 1887 886 1966 καθίστησιν
909 1885 976 1948 άντ’
996 1883 1096 1946 αάτοῦ
1114 1887 1176 1963 βα.

75 1985 167 2044 σιλέει
193 1982 245 2046 ἐπί
274 1980 493 2064 Ἰερουσαλὴμ
520 1980 576 2048 τὸν
600 1980 755 2062 Ἰωακείμ
784 1983 840 2046 κατ’
860 1980 911 2047 τὸν
932 1983 1114 2063 Ἐλιακείμ·
1156 1979 1175 2044 ὅ

69 2077 216 2166 α’άελφός
238 2076 393 2162 Ἰωάχαζ.
445 2073 536 2158 οὗτος
562 2078 621 2162 τὴν
650 2084 816 2161 βασιλείαν
836 2077 1063 2160 διαδεξάμενος
1082 2083 1175 2161 βασι·

68 2176 159 2242 λεάει
180 2176 233 2263 ἔτη
255 2179 306 2244 ια’.
349 2180 406 2245 ἐπί
432 2181 543 2246 τοάταυ
573 2178 860 2262 Ναβουχοδονόσαρ
883 2181 1000 2262 ἐξάρας
1021 2177 1083 2242 άπό
1105 2181 1175 2242 Βα-

78 2279 221 2359 βυλῶνας
255 2281 354 2365 πάσης
383 2280 565 2363 Αίγυπτιλις
600 2277 794 2365 ἐπεκράτησε
815 2283 888 2364 γῆς,
912 2282 1047 2345 καὶτῶν
1068 2280 1173 2361 Λίγυ-

33 2381 188 2452 αοπτιάις
208 2376 429 2463 πλησιοχώρων
459 2381 515 2444 ου’κ
548 2379 656 2465 άλίγην
678 2380 868 2455 ἀποσπάσας
889 2383 1040 2463 ἐκέκτητο,
1062 2383 1172 2444 τουτέ-

77 2499 150 2542 στιν
167 2474 230 2538 άπό
249 2481 304 2543 τοῦ
322 2477 503 2562 χειμάρρου
517 2482 697 2563 Αἰγυπτίου
717 2478 778 2554 ἕως
800 2481 858 2544 τοῦ
878 2482 1023 2560 ποταμοῦ
1036 2476 1171 2564 Ειίφρά.

71 2599 148 2660 του,
184 2581 240 2643 καί
260 2577 318 2660 τὴν
342 2579 504 2645 Ἰουδαίαν
529 2577 693 2666 άπόφοραν
717 2576 845 2645 άπασαν
873 2584 1066 2664 κατέστησε·
1115 2579 1171 2641 καί

67 2677 258 2744 ἐδούλευσεν
273 2671 427 2763 Ἰωακείμ
454 2683 497 2768 τῷ
518 2677 800 2766 Ναβουχοδονόσορ
826 2675 880 2766 ἐτη
900 2679 941 2765 γ’.
983 2681 1037 2746 ἐπί
1054 2677 1168 2744 τούτου

67 3001 118 3052 ille
132 2999 248 3072 (probus
265 3001 338 3054 enim
358 3003 425 3071 erat)
436 3011 464 3055 et
475 3002 574 3074 pascha
586 3003 638 3056 aleo
656 3004 811 3068 celebravit,
821 3003 897 3074 quocl
909 3001 972 3054 inde
984 3019 999 3054 a
1009 3003 1081 3066 Iesu,
1089 3001 1167 3055 Naue

66 3072 133 3135 filii,
151 3073 320 3141 temporibus
341 3090 480 3195 uumpuam
497 3075 599 3127 lactum
611 3083 684 3138 erat,
702 3084 731 3127 et
749 3091 841 3126 eorum
851 3115 859 3140 ,
879 3075 926 3146 qui
944 3074 973 3124 iu
992 3075 1132 3143 impietate
1150 3089 1177 3130 e,

67 3145 123 3194 vita
145 3143 344 3207 discesserant,
364 3147 480 3197 colecta
502 3163 562 3197 ossa
591 3149 621 3198 in
646 3146 776 3198 altaribus
801 3145 935 3197 idolerum
965 3145 1112 3197 combussit
1137 3153 1167 3199 et

67 3213 197 3265 omuibus
217 3215 297 3266 rebus
317 3217 464 3268 immutatis
485 3219 594 3284 pietatis
614 3218 768 3286 exemplum
789 3217 892 3286 populo
915 3215 1046 3268 exhibuit.
1069 3216 1168 3268 dicunt

65 3294 157 3336 autem
178 3284 321 3350 Chelkisu,
346 3303 430 3356 quum
455 3289 579 3340 libellum
599 3291 717 3357 legisset,
736 3291 827 3338 statius
849 3289 1007 3356 exspirasse.
1044 3287 1166 3356 proplie-

65 3364 160 3408 urunt
179 3355 231 3408 sub
261 3374 294 3408 eo
316 3359 459 3422 ieremias,
479 3360 608 3412 Chelliae
636 3360 722 3420 lilius,
743 3359 896 3426 Sophouias
916 3366 944 3410 et
960 3356 1077 3419 Heliba,
1097 3373 1166 3408 uxor

65 3427 169 3490 Selim,
197 3429 336 3496 vestispici
367 3431 523 3481 sacerdotis.
570 3440 628 3484 erat
660 3431 742 3483 etiam
770 3430 853 3480 salsus
880 3428 1014 3500 propheta
1038 3429 1165 3480 Ananias.

66 3497 139 3550 lsisce
157 3497 329 3568 temporibus
350 3501 454 3569 Sibylla
476 3501 565 3554 Samia
584 3503 705 3554 innotuit
726 3509 753 3554 et
783 3519 798 3551 a
815 3500 1020 3570 Megarensibus
1038 3499 1165 3566 Byzanti-

68 3585 109 3622 um
130 3570 273 3621 conditum
293 3579 343 3622 est.
1121 3603 1122 3606 =

134 3641 345 3693 ioachsslosise
364 3643 446 3702 filius,
465 3653 567 3712 putrem
586 3653 694 3694 secutus
713 3651 767 3694 tres
786 3659 890 3693 menses
910 3642 1039 3710 regnavit.
1060 3640 1165 3704 Nebasl‚

66 3712 181 3781 Aegypti
200 3730 256 3776 rex,
271 3713 456 3779 Hierosolyma
473 3733 533 3764 cum
552 3717 671 3765 exercitu
689 3712 830 3765 contendit
841 3723 868 3764 et
886 3714 985 3765 victum
997 3711 1106 3764 loaclras
1119 3729 1166 3763 ca·

62 3783 168 3850 ptlvum
185 3785 213 3835 in
230 3785 381 3853 Aegyptum
395 3784 482 3846 duxit,
501 3803 562 3854 rege
574 3785 820 3850 Hierosolymorum
832 3785 981 3836 constituto
994 3784 1023 3834 in
1034 3786 1091 3835 eius
1103 3785 1164 3835 locu

59 3853 176 3916 laabim,
196 3858 245 3925 qui
260 3857 344 3905 etism
357 3855 471 3906 Elialsim
485 3865 613 3922 vocatum
633 3858 716 3908 frater
729 3857 840 3906 uicerat
852 3855 970 3906 ioachas.
988 3853 1035 3905 bic
1054 3871 1165 3921 reguum

60 3929 185 3997 suscepit
209 3934 238 3978 et
258 3927 291 3977 11
311 3943 396 3976 anuos
415 3927 618 3980 administravit.
664 3928 714 3978 sub
736 3927 788 3977 hoc
807 3923 1067 3989 Nabuclsuclouosor,
1087 3941 1166 3976 exor-

59 4014 106 4049 sus
124 4014 140 4047 a
161 3997 303 4065 babylone
332 3999 416 4048 totius
441 3999 555 4067 Aegypti
585 3999 688 4066 potitus
712 4006 761 4058 est,
780 4006 808 4049 et
835 3999 945 4066 populis
972 3998 1165 4066 Aegyptiorum

57 4069 157 4122 vicinis
173 4087 229 4122 αοα
252 4083 365 4137 parvam
387 4075 485 4121 terram
504 4069 626 4130 abstulit,
659 4085 737 4138 quam
758 4069 812 4120 suis
831 4067 958 4133 addidit3
977 4069 995 4119 i.
1014 4085 1039 4120 e.
1058 4066 1092 4118 ab
1111 4068 1165 4119 λε-

58 4137 213 4208 gyptiorum
233 4140 322 4192 fluvio
342 4140 479 4208 usquead
500 4139 674 4209 Euphratem.
711 4139 784 4190 idem
805 4155 911 4191 omnem
929 4138 1057 4190 iudaeam
1076 4137 1164 4190 tribu-

57 4211 154 4266 tariam
172 4212 260 4280 lecity
289 4209 440 4282 retulitque
467 4209 492 4264 ei
510 4210 615 4266 luulim
634 4219 689 4264 tres
706 4227 801 4265 anuos.
845 4210 896 4266 sub
915 4227 948 4266 eo
966 4209 1166 4282 prophetarunt
