2828 4874
177 313 608 379 ·uenuesstt0utct
632 316 658 380 t
678 319 837 380 titulus
857 317 1002 382 etune.
1092 309 1165 385 485
1249 369 1252 374 .

153 463 239 528 Ἀλλ’
256 467 417 530 ἐπανιτέον
438 465 540 544 πάλιν
564 469 598 532 εἰι
628 469 689 532 τῶν
709 470 767 533 τοῦ
794 469 926 552 κόμητος
949 469 1004 532 ἐπί
1025 467 1063 533 τά
1087 469 1168 556 πρό.
1178 495 1231 549 300

69 583 176 644 τερον,
198 563 274 649 διχῇ
293 566 492 651 διῃρημένων
510 569 575 630 ταῖν
593 567 675 643 κατά
689 572 759 649 βίον
780 565 825 643 εἴς
838 591 870 632 τε
892 567 931 633 τά
951 572 1028 632 καθ’
1048 569 1171 657 ἡμέραν

69 659 129 724 καί
147 659 186 725 τά
209 662 353 744 νόντερα.
405 662 520 746 οἱμὲν
548 666 665 750 ἡμέραι
696 667 772 750 ἡμῖν
802 669 977 750 ἐψεύδοντο
997 667 1031 734 τό
1053 666 1171 755 ἥμερον

69 760 126 824 διά
139 759 205 844 .τη“ν
225 763 258 825 ἐν
277 771 341 838 τοῖς
367 767 521 841 Λατίνοις
551 765 723 852 ἀγριότητα
754 763 810 850 την
832 767 985 852 ἀμυδρῶς
1006 768 1169 854 όπολαλη.

43 865 205 942 ὅθεῖσαν,
239 861 334 947 olus}
369 861 517 947 χωρητόν
548 867 656 942 αότοίς
686 871 742 932 καί
768 866 844 951 ἡμῖν
873 865 929 932 τόν
949 866 1067 950 κόσμον
1086 863 1170 935 εἶναι

68 963 230 1042 κρίνουσι·
283 967 497 1040 συναντῶντες
525 969 602 1049 γοῦν
635 973 832 1051 κατέπινον,
853 961 979 1050 ὤθουν,
1002 971 1170 1050 ἐσκέλιζον,
1224 955 1228 960 ¹

68 1067 261 1144 κατέβρεχον
295 1057 414 1147 όβρεις.
465 1065 584 1148 συχνόν
615 1061 664 1151 Ιἢν
694 1068 804 1144 ου’τοῖς
834 1065 878 1145 σός
905 1071 950 1144 εἰς
977 1066 1101 1158 ε’πιρδόν
1131 1068 1167 1134 τό

67 1163 177 1245 “ὲλθε’,
200 1164 458 1250 Καλοϊωάννης.”
498 1165 624 1250 μυκτὴρ
646 1159 736 1243 οὗτος
758 1165 801 1242 τός
818 1168 906 1252 ἧμαῖν
927 1171 962 1234 ἐν
982 1171 1023 1256 τῇ
1041 1174 1170 1253 πολιορ.

67 1264 120 1350 κίρ
145 1267 373 1345 γαυρουμένων
400 1265 515 1348 μικρόν
548 1261 622 1332 όσον
654 1267 865 1350 τὸνβασιλέα
894 1265 1039 1353 Ἰωάννην
1063 1272 1169 1335 ἐλθεῖν

3 1357 146 1444 loppin
170 1365 346 1444 ἐπίκουρον.
398 1367 429 1430 εί
454 1367 489 1429 δέ
517 1391 566 1442 τις
599 1371 664 1432 τῶν
692 1369 968 1450 σνναιχμαλώτων
1002 1371 1081 1456 πεζῇ
1110 1367 1169 1453 τόν

63 1458 234 1548 λεωφόρον
266 1467 369 1544 τρίβοι
400 1465 459 1546 (τίς
489 1468 524 1532 δέ
548 1468 589 1530 ου’
615 1470 757 1545 τοιοῦτος
786 1469 881 1550 τότες
914 1465 968 1536 ότε
1003 1468 1059 1533 καί
1079 1467 1170 1553 η’μεῖς

64 1563 252 1644 ἐπάσχομεν
274 1561 365 1650 οὕτω,
385 1568 554 1630 κατάκοποι
575 1570 628 1631 καί
654 1567 694 1631 τά
716 1569 811 1652 σκέλη
832 1567 1018 1655 παράφορον
1041 1567 1097 1633 καί
1115 1591 1169 1634 τε.

60 1665 257 1746 ταραγμένοι
281 1667 338 1726 καί
357 1655 579 1744 σεσαλευμένον
607 1667 686 1731 κατά
707 1666 916 1752 μεθύοντας),
937 1669 969 1733 εί
987 1674 1093 1734 τοίνυν
1115 1663 1168 1732 οὕ·

60 1787 107 1828 ταν
129 1785 181 1837 τις
204 1763 280 1844 περί
298 1764 458 1830 στενωπόν
479 1765 585 1830 όδειῖοι
609 1770 663 1832 καί
682 1764 774 1849 τάχοι
784 1775 925 1832 Λατῖνον
945 1771 1165 1852 παρέρχεσθαι

38 1859 217 1948 δέφιππον,
242 1865 300 1926 οόκ
321 1858 360 1928 άν
380 1869 495 1942 ἐκεῖνος
516 1870 660 1952 φείσαιτο
679 1872 899 1954 καταπατῆσαι
919 1867 974 1933 καί
993 1876 1164 1950 συντρῖψαι

62 1962 118 2026 τόν
141 1953 321 2044 ἄνθρωπον,
347 1970 514 2049 κεντρίζων
537 1967 593 2031 τόν
624 1971 720 2032 ἵππον
741 1971 786 2044 είς
810 1971 1061 2052 κατασκίρτημα.
1106 1961 1166 2029 σό-

63 2087 122 2139 τισς
152 2065 287 2148 ἐφίλουν
319 2061 402 2146 ἡμᾶς
432 2064 461 2130 οἱ
485 2060 669 2151 ἄνθρωποι,
705 2067 806 2150 συχνά
838 2065 917 2150 πρός
948 2065 1052 2132 πάντα
1073 2067 1166 2148 λόγον

61 2165 117 2226 καί
139 2161 219 2242 πρός
243 2167 305 2227 πάν
328 2162 419 2247 ἔργον
441 2167 668 2249 προϊσχόμενοι
689 2169 736 2242 εἷς
760 2168 927 2232 δικαίωσιν
948 2169 1008 2232 rori
1029 2189 1165 2250 κακουρ-

63 2271 126 2342 κείν
149 2261 184 2326 τό
207 2263 270 2325 άπό
306 2266 433 2349 σπάθης
455 2267 548 2348 ’ἡμᾶς
572 2261 670 2348 testu,
695 2268 753 2329 οόκ
775 2263 963 2350 α’νθράπινα
986 2269 1165 2346 λαλοῦντες,

2 2361 134 2430 aottt‘
152 2360 196 2438 σός
227 2365 257 2427 εί
277 2363 332 2426 καί
358 2367 438 2428 λέων
466 2358 565 2448 άγραν
588 2360 670 2432 ἑλών
693 2367 797 2430 ἐθέλει
818 2367 959 2456 διασπᾶν
981 2364 1079 2449 osiris
1100 2365 1164 2446 οάχ

71 2456 118 2524 ότι
137 2464 250 2550 estrepiq
274 2465 330 2527 καί
352 2467 467 2549 ποθοιή
489 2463 622 2549 σάρκας,
640 2465 721 2530 άλλόι
745 2466 856 2554 δικαίιρ
875 2470 934 2530 rosi
945 2472 1078 2548 συσχεῖν
1100 2465 1160 2529 αό-

66 2559 119 2648 εη“ν
141 2555 259 2640 όνοξιν.
304 2562 362 2628 οοίι
386 2557 424 2648 ἤν
452 2564 508 2630 ἐπί
527 2562 649 2641 τούτοις
679 2564 754 2629 οὐδὲ
775 2565 956 2630 όποσεένειν
980 2565 1083 2650 ἡμᾶς,
1104 2555 1160 2628 αό-

130 2838 187 2892 5ειλ
211 2841 400 2894 revertentium
429 2851 470 2895 est
496 2861 511 2894 a
535 2843 615 2895 rebus
645 2845 752 2896 comitis
776 2843 811 2894 ad
839 2843 939 2914 priora.
976 2850 1041 2896 sunt
1058 2849 1159 2904 antem,

50 2925 130 2980 quae
150 2910 186 2962 nd
207 2913 292 2964 vitom'
310 2916 459 2984 pertinent,
477 2913 609 2984 bipartito
629 2914 784 2976 distributa,
802 2916 831 2966 in
851 2913 948 2966 diurna
967 2921 995 2964 et
1015 2921 1157 2966 nocturna.

44 2995 87 3033 ιτα
106 2982 236 3040 diurnum
255 2985 365 3054 quidem
384 2993 490 3054 teinpus
508 3003 582 3054 spero
601 2985 704 3037 fefellit
723 2985 930 3056 tranquillitatis
953 2983 1076 3035 diutinas
1094 3001 1158 3054 pro·

36 3061 121 3116 pter
142 3055 300 3107 Latinorum
325 3057 432 3108 occulte
459 3056 616 3108 lresuentens
636 3055 779 3118 ferociam,
807 3057 854 3126 qui
879 3065 974 3109 terrum
1000 3056 1081 3107 simul
1108 3071 1158 3105 nor

33 3131 83 3174 et
108 3125 184 3193 ipsos
203 3143 299 3196 capere
317 3127 465 3196 negabant:
487 3127 558 3178 undo
580 3126 676 3178 obvios
696 3127 892 3197 conspuebant,
911 3125 1073 3188 tundebant,
1092 3143 1159 3193 sup-

23 3193 233 3258 plantabant.
280 3199 406 3268 frequens
430 3199 485 3248 illis
509 3200 559 3249 isto
579 3199 656 3268 quasi
676 3198 811 3250 cantilena
832 3207 890 3250 orat
909 3199 998 3261 “veni,
1019 3197 1093 3248 belle
1112 3197 1158 3246 lo-

10 3269 173 3318 dunesff’
209 3266 358 3320 ludibrium
381 3269 450 3320 illud
473 3277 540 3332 erut,
558 3269 632 3338 quod
650 3271 721 3322 inter
741 3269 912 3322 obsidionem
935 3268 1104 3330 insolentius
1117 3268 1159 3318 ia-

40 3341 226 3414 }assemus,
253 3341 380 3410 pusillum
410 3339 489 3392 nobis
519 3341 621 3392 auxilio
639 3350 780 3392 venturum
808 3341 998 3410 imperatorem
1017 3341 1157 3390 loannem.

17 3419 56 3454 ·1
103 3411 166 3479 quis
183 3421 271 3464 nutem
292 3430 306 3463 ιι
331 3413 444 3484 captivit
459 3409 546 3534 pedes
563 3413 591 3462 in
619 3413 661 3462 vin
684 3411 871 3464 deambularet
887 3414 960 3482 (quis
982 3418 1072 3462 sutem
1092 3417 1158 3460 tuno

12 3496 22 3509 ·
44 3491 116 3530 οτι
137 3481 195 3534 ibet
214 3483 353 3551 petitus?
403 3500 456 3554 quo
503 3492 531 3534 et
556 3484 609 3552 ipsi
628 3485 731 3553 experti
759 3501 860 3547 sumus,
883 3483 970 3544 lracti,
989 3481 1157 3543 vacillantes,

22 3550 173 3614 uaebui,
196 3555 351 3620 vertiginosi
373 3562 501 3625 tanquam
524 3554 621 3621 ebrii),
643 3555 664 3604 si
685 3555 746 3623 quis
764 3555 848 3622 igitur
866 3556 903 3606 its
921 3553 1110 3604 deambularet
1127 3549 1156 3602 in

1 3627 63 3685 ι11
120 3623 160 3672 via
182 3627 352 3692 angustiore,
382 3635 410 3678 et
429 3627 540 3678 Latinus
567 3625 666 3695 aliquis
693 3625 763 3676 sorte
790 3641 862 3696 equo
894 3622 1156 3694 praeterveheretur,

0 3700 11 3715 ⁸
39 3692 200 3746 «udins
232 3695 406 3749 abstenturus
425 3705 504 3758 erat,
534 3698 679 3768 quominus
697 3696 869 3747 conculcaret
887 3704 915 3747 et
932 3694 1049 3747 elideret
1068 3693 1156 3744 homi.

1 3774 7 3783 “
37 3770 133 3824 ean,
152 3783 224 3835 equo
243 3766 378 3822 adsultus
398 3769 542 3820 ferociores
561 3767 736 3818 stimulando.
774 3770 813 3818 ita
834 3767 880 3818 isti
898 3781 948 3818 nos
969 3767 1053 3816 amice
1071 3763 1158 3815 habe·

39 3839 136 3896 ⁸uit,
156 3837 184 3887 in
204 3839 276 3890 omni
301 3856 407 3908 semper
427 3855 550 3891 sermone
568 3847 596 3890 et
622 3840 741 3890 iocinore
759 3838 792 3889 od
814 3837 978 3906 purgandum
998 3837 1157 3888 violentiam

0 3908 15 3923 “
42 3906 288 3971 ‘attendentem
315 3911 388 3980 quod
407 3912 431 3961 ri
451 3913 522 3980 eapti
547 3927 682 3970 erremus,
703 3909 776 3960 hnutl
794 3909 911 3960 bumana
930 3909 1091 3977 loquenten,
1110 3906 1158 3958 seel

0 3978 20 3995 ⁸
45 3962 143 4028 ¹‘asse
161 3981 198 4031 ita
229 3998 259 4032 uo
277 3981 299 4032 si
322 3983 364 4034 leo
396 3997 425 4032 ca
448 3989 501 4032 tatu
522 3981 636 4033 bestiam
656 3981 774 4032 lacerare
794 3981 870 4038 velit,
890 3997 943 4030 nou
963 3977 1037 4048 quod
1058 3977 1160 4028 esuriat

41 4038 72 4084 ²
110 4065 200 4102 carnes
227 4061 355 4120 appetet,
388 4000 445 4103 τεά
456 4053 514 4104 iure
532 4071 590 4115 suo,
611 4053 712 4122 quippe
741 4051 788 4122 qui
811 4051 943 4118 unguibus
964 4049 1037 4099 illam
1058 4057 1157 4100 tenent.

42 4119 151 4170 ‘tuin
170 4119 205 4172 ad
223 4122 291 4176 hoec
309 4139 344 4175 ne
366 4125 500 4192 suspirare
520 4123 639 4194 quidem,
658 4132 705 4175 aut
724 4123 799 4174 vultu
821 4124 890 4173 tristi
913 4136 972 4172 esse
995 4119 1073 4170 nobis
1092 4120 1160 4170 lice-

8 4185 33 4204 “
54 4191 128 4249 ⁴¹¹²,
147 4209 217 4263 quoe
241 4203 332 4248 tamen
359 4193 486 4250 fluctibus
513 4195 696 4262 calamitatum
724 4195 844 4264 oppressi
864 4191 899 4244 ad
916 4189 1057 4244 levandam
1079 4189 1160 4242 enimi
