2826 4868
205 317 259 378 nn
276 309 584 380 unussttomct
606 315 631 374 ι
652 313 809 374 Laeuus
831 305 979 371 eleas.
1059 293 1132 368 λον

23 466 105 534 τινὰ
130 468 310 547 τραπέσθαι
328 463 505 550 αἱρήσεται,
525 466 580 528 καί
602 463 745 542 μείζονος
766 465 864 523 κανοῦ
886 460 1080 522 ἀνθελέσθαι
1102 481 1134 520 τι

23 567 246 650 βραχύτερον,
267 567 322 630 ναί
340 568 397 632 susi
417 566 474 649 ζῆν
502 565 536 642 ἔξ
565 561 744 648 ὀφθαλμῶν
770 563 950 645 προθέσθαι
982 557 1001 620 ό
1028 550 1068 622 όν
1088 565 1134 633 εις

23 664 121 731 εἴποι
141 662 241 730 κακόν.
621 657 623 661 ’
996 685 1006 688 ·’

124 758 248 830 Οόνοόν
266 766 321 828 καί
336 761 502 842 μιθιόθεοε
523 757 557 825 τό
585 763 748 838 τοιοῦτον,
774 757 829 824 καί
848 758 887 822 osi
908 759 1026 845 βαθείρ
1042 759 1135 844 ψυχῇ

2 867 200 948 νμεριμνιόν
217 863 256 929 τό
292 861 373 928 κατὰ
404 858 495 925 πόλιν
527 857 674 925 σ’νὲπειθε
697 859 752 926 τόν
768 857 969 942 Ἀνδρόνικον
988 849 1027 922 ed
1047 855 1159 938 μόλα.

26 967 187 1046 τεχνικοῖς
206 961 249 1036 ὥς
281 957 319 1028 εὖ
340 959 460 1044 έχουσι
473 958 514 1026 τό
539 964 613 1024 καθ’
632 957 733 1042 ἡμᾶς,
754 963 810 1024 καί
829 958 873 1036 ὥς
893 961 1135 1040 περιπεποίηται

12 1063 50 1146 ἦ
79 1059 173 1140 πόλις
196 1061 314 1146 όιριστιι
335 1062 391 1126 κατ’
409 1061 507 1125 ουίλὲν
522 1061 606 1148 adep*
627 1056 848 1124 vertiturus
869 1060 965 1140 ε’νδεῖ,
990 1057 1031 1120 ου’
1051 1055 1134 1137 πόρ-

29 1189 99 1245 γαον
119 1162 289 1250 όσφόλειιι,
311 1163 352 1225 ου’
373 1161 560 1244 πετροβόλοι
581 1163 733 1246 μηχαναί,
755 1153 794 1223 οό
815 1161 930 1242 τειχῶν
948 1157 1135 1242 έπιπσίησις,
1200 1200 1202 1206 ·

33 1265 77 1326 ου’
97 1263 377 1346 περιτειχίσματος
395 1259 587 1346 ἐρυμνότης,
613 1260 652 1324 ου’
674 1262 795 1343 πλῆθος
823 1260 879 1324 καί
899 1256 1011 1332 κόλλος
1030 1255 1135 1340 ἁρμό-

3 1375 111 1443 θτιυν,
132 1359 193 1426 asie
213 1355 290 1440 όλλο,
312 1363 418 1443 οὐδέν,
442 1363 550 1443 ψευδῆ
564 1363 624 1442 μέν
635 1359 769 1445 γράφων
788 1355 926 1444 πρόςτό
939 1353 1054 1446 όαυτιηῖ
1071 1355 1134 1438 μό.

35 1487 77 1551 νην
99 1469 249 1528 συνοῖσον
274 1461 330 1526 καί
349 1461 572 1544 ἀνεξέλεγκτα,
594 1453 641 1524 ότι
672 1463 754 1543 μηδὲ
775 1451 815 1542 ἦν
836 1483 885 1534 τις
913 1456 931 1522 ό
954 1456 1016 1524 εἴτε
1041 1449 1135 1532 stitit

37 1559 116 1646 όπτρ
137 1560 281 1647 ἔγραφεν
295 1559 359 1626 εἴτε
373 1563 479 1626 λαλῶν
494 1557 558 1626 εἴτε
578 1565 685 1624 λαλεῖν
705 1561 838 1640 τολμῶν,
862 1564 992 1628 αείθαιν
1004 1559 1040 1624 δὲ
1055 1562 1135 1626 ἐκιῖε

38 1683 86 1730 νον
100 1665 162 1728 asie
176 1662 320 1744 εότυχῶς
331 1655 415 1743 ἡμῖν.
439 1660 701 1744 πεπραγμάτευτο
715 1656 777 1743 γόρ
794 1655 916 1744 θάρρος
930 1663 1081 1743 ἐμβαλεῖν
1093 1660 1136 1746 τῷ

38 1766 165 1842 βασιλεῖ
179 1759 258 1845 περὶ
279 1760 378 1846 ἡμῶν,
400 1759 443 1836 ὥς
462 1764 519 1826 ουίι
540 1753 582 1825 όν
603 1783 636 1824 τι
658 1782 754 1826 sassa
774 1763 872 1823 ποθεν
890 1754 1059 1840 πείθοιμεν,
1080 1761 1135 1825 ’ἵνα

2 1861 156 1950 μειεφαλὴ
186 1857 282 1948 μόνος
302 1855 401 1935 αότός
430 1859 595 1946 deploratio
619 1851 789 1944 retenirit,
810 1860 866 1923 καί
886 1858 932 1943 μή
952 1878 1017 1924 τινι
1037 1857 1135 1948 ἑτέρῳ

37 1963 223 2048 ἐπιτραπείη
242 1961 285 2026 τό
305 1962 390 2050 τῇδε,
417 1959 471 2048 οἵῳ
493 1955 739 2043 περισοόοασθαι
760 1963 875 2044 ταῦτα,
897 1961 953 2024 καί
972 1953 1057 2024 sire
1076 1964 1134 2044 τῆς

34 2062 145 2146 όρχῆς
162 2058 258 2132 ου’τόν
278 2081 351 2126 ποτε
369 2063 600 2144 τιαραλυθῆναι
619 2057 675 2123 καί
689 2061 735 2133 εἰς
754 2063 866 2143 χεῖρας
885 2063 929 2146 τῷ
944 2057 1134 2145 ’Ἀνδρονίκῳ

32 2169 238 2244 περιτυχεῖν,
264 2158 323 2246 ὑφ’
341 2150 386 2224 ὧν
403 2162 460 2224 καί
484 2158 584 2224 πάλαι
606 2154 645 2222 όν
662 2159 854 2243 συνετριβη,
886 2155 978 2242 elisi
1000 2153 1017 2222 ό
1037 2161 1135 2240 σεβα-

28 2261 213 2346 οτονρότιυρ
244 2257 405 2344 Maeonii
425 2257 532 2339 όγαθό
555 2262 660 2324 λαλοόν
679 2262 736 2324 καί
761 2262 860 2341 μέσος
879 2265 1003 2324 πίπτων
1020 2283 1135 2342 γυναι.

2 2363 119 2452 θεείου
142 2360 225 2447 λόγῳ
256 2357 355 2425 ου’τόν
379 2360 603 2444 περιεσόζετσ,
635 2361 673 2422 ου’
699 2357 777 2442 πρὸς
807 2358 946 2444 γαλήνην
966 2355 1042 2444 ἡμῖν
1064 2357 1135 2422 ἀλλ’

33 2459 87 2540 τός1
101 2463 146 2536 είς
162 2463 300 2547 ,τυφῶνα
321 2460 357 2525 τό
374 2463 437 2524 πᾶν
457 2458 661 2544 ποιήσοντα,
684 2458 740 2523 καί
756 2460 789 2536 ές
809 2461 962 2524 τοσοῦτον
979 2461 1133 2543 περιῆλθε
1144 2484 1196 2538 235
1255 2479 1258 2496 ¹

25 2560 222 2646 πανούργως
243 2559 455 2643 τόνβασιλεά
477 2567 547 2635 ταῖς
581 2558 744 2637 τοιαύταις
767 2558 919 2642 μεθόδους
940 2558 957 2624 ό
980 2560 1057 2639 tot}
1079 2551 1137 2625 esi·-

106 2738 132 2789 7.
154 2734 221 2803 αὕτη
242 2738 266 2792 Τ

17 2895 44 2946 si
66 2891 185 2962 Cpolim
212 2899 399 2945 reveteretur:
423 2909 477 2963 quo
498 2891 580 2946 etiarn
599 2887 789 2962 significabat,
809 2891 864 2947 alio
883 2893 976 2964 potius
995 2909 1024 2946 se
1042 2891 1134 2945 abitu-

17 2981 102 3028 rum,
123 2971 153 3014 et
170 2981 234 3032 prae
255 2966 408 3016 calamitate
427 2965 524 3016 maiori
541 2973 769 3034 praeoptaturum.
786 2967 926 3028 minorem,
949 2972 977 3016 et
997 2965 1079 3016 malle
1097 2983 1134 3030 se,

17 3053 115 3110 quana
138 3035 225 3086 oculis
243 3037 379 3106 privatum
398 3035 497 3098 vivere,
517 3036 589 3087 malo
612 3052 776 3104 quocunque
794 3035 886 3103 affligi.

95 3123 204 3191 itaque
222 3125 286 3175 talia
306 3123 355 3174 ille
374 3139 464 3174 secum
483 3124 597 3190 agitans,
625 3141 676 3174 nec
694 3121 837 3174 admodum
857 3138 939 3173 curae
960 3121 1013 3173 sibi
1030 3119 1134 3174 habens

17 3197 152 3248 salutem
172 3194 264 3260 urbis,
293 3193 474 3264 persuadebat
502 3193 601 3244 callide
619 3193 783 3255 Andronico,
808 3193 880 3245 bene
901 3209 941 3244 res
960 3202 1065 3245 nostras
1084 3192 1152 3245 h„

18 3263 101 3320 bere
120 3273 151 3315 et
169 3265 263 3317 urbem
283 3267 385 3336 optime
405 3267 563 3317 instructam
580 3281 653 3325 esse,
681 3283 731 3316 nec
753 3263 846 3316 deesse
864 3263 1015 3335 quidquam
1036 3281 1133 3316 neces·

16 3339 146 3396 sarium,
163 3353 220 3388 nun
242 3339 358 3388 turrium
372 3337 526 3398 tinnitatem
545 3345 592 3388 aut
610 3335 743 3406 ballistas,
762 3353 818 3388 non
831 3353 968 3388 murorum
981 3335 1133 3388 moenium-

16 3427 85 3482 que
106 3409 285 3471 munimenta,
304 3425 359 3460 non
375 3423 468 3460 currus
483 3407 639 3477 frequentes
651 3417 884 3478 praestantesque,
903 3425 954 3459 nec
972 3407 1055 3458 uilem
1077 3423 1133 3459 rem

16 3483 133 3538 aliam:
163 3495 233 3549 quae
257 3479 398 3532 mendacia
426 3477 537 3548 quidem
566 3486 657 3543 erant,
682 3478 717 3530 ad
747 3480 832 3548 ipsius
856 3479 945 3530 solum
963 3477 1133 3540 commodum

15 3551 161 3614 conficta,
184 3567 234 3601 nec
254 3559 345 3602 tamen
365 3551 646 3620 contutaripoterant,
666 3550 730 3619 quia
750 3565 830 3601 nemo
849 3559 916 3611 erat,
934 3551 981 3619 qui
1003 3557 1050 3600 aut
1067 3566 1133 3602 nos·

14 3633 69 3678 set
91 3638 146 3680 ea,
173 3638 243 3690 quae
274 3621 321 3674 ille
344 3622 496 3683 scribebat,
515 3629 563 3673 aut
583 3622 741 3691 loqueretur
767 3630 816 3673 aut
847 3619 960 3673 auderet
979 3621 1066 3691 loqui,
1084 3620 1134 3674 sed

15 3691 179 3754 credibilia
201 3694 292 3744 omnia
310 3695 362 3744 ista
381 3701 458 3748 erant
487 3694 653 3764 imperaturi,
672 3691 745 3743 baud
764 3693 887 3762 prosectu
909 3692 989 3745 nobis
1007 3693 1132 3743 feliciter.

15 3764 82 3818 lsoc
100 3763 176 3814 euim
195 3763 249 3816 dux
266 3776 359 3816 noster
386 3763 500 3833 agebat,
522 3773 553 3815 ut
570 3765 725 3832 imperatori
741 3763 842 3814 bonum
864 3761 997 3816 denubit
1015 3765 1133 3814 animum

15 3837 137 3890 faceret
147 3871 156 3897 ,
175 3833 305 3905 tanquam
334 3835 405 3887 nibil
431 3835 615 3905 undecunque
633 3833 754 3896 afflictis,
774 3851 829 3904 que
849 3835 1031 3886 solusrerum
1052 3843 1134 3904 eaput

15 3914 114 3964 esset,
134 3921 204 3957 nese
222 3908 316 3958 civitas
336 3916 426 3958 nostra
445 3908 660 3958 committeretur
685 3906 742 3966 alii,
762 3906 810 3975 qui
829 3921 936 3956 servare
954 3921 1012 3956 earn
1031 3915 1132 3974 posset,

14 3981 89 4050 ipse
119 3975 182 4026 loeo
212 3985 301 4029 motus
329 3979 358 4028 in
383 3993 477 4028 manus
497 3976 644 4029 Andronici
669 3975 811 4038 incideret,
837 3976 935 4044 quibus
955 3977 1133 4045 iampridem

14 4046 169 4104 contritus
190 4046 293 4110 luisset,
312 4049 363 4100 nisi
376 4048 487 4100 Manuel
505 4047 703 4100 sebastoerator
721 4045 856 4116 placando
875 4057 904 4100 et
923 4047 1132 4099 interveniendo

13 4116 212 4172 mulierculae
239 4135 320 4170 causa
349 4118 427 4170 illum
447 4128 588 4181 servasset,
607 4117 682 4172 baud
700 4119 843 4170 consulens
865 4118 1059 4188 tranquillitati
1079 4133 1131 4168 no-

14 4201 121 4253 strae,
142 4187 192 4240 sed
208 4196 397 4261 tempestatem
416 4191 535 4246 excitans
558 4199 656 4264 cuneta
679 4189 857 4244 turbaturum.
895 4198 977 4262 atque
998 4190 1034 4242 ita
1052 4185 1130 4240 ealli-
