2954 4860
451 293 821 366 cuuortoottternt.
1128 285 1176 357 53

88 447 288 534 Ἀντίπατρος
314 443 463 532 Ἡριύδου
494 445 579 524 τινός
598 451 662 515 τεόν
693 450 728 514 όν
747 443 915 531 νεωκόροις
933 443 1179 532 ἀριθμουμένων

90 550 225 614 τούτων
247 549 368 614 αύτύθι
387 551 444 614 τού
463 546 660 626 ’Λπόλλωνος
687 545 887 632 ἱεροδούλων.
913 547 1024 635 παῖδα
1046 546 1082 609 δι’
1103 535 1178 610 ὅντα

89 650 157 712 ποτὲ
181 645 239 710 τόν
256 645 462 732 Ἀντίπατρον
482 645 597 734 λησταί
617 645 857 732 ἀναρπάσαντες
870 638 1054 726 Ἰδουμαῖοι
1074 649 1180 710 κατεῖ·

86 771 152 830 χον,
171 747 276 828 λύτρα
297 745 378 831 ύπὲρ
399 745 501 811 αύτού
521 752 701 829 κομιεῖσθαι
717 745 948 831 ὑπειληφότες·
990 747 1046 810 τού
1060 745 1096 808 δὲ
1120 769 1179 808 πα-

68 844 158 932 ετρός
178 849 284 911 αύτού
312 847 357 920 είς
378 844 514 929 ἔσχατον
540 845 650 922 πενίας
672 843 856 931 ἐληλακότες
879 841 981 927 ἔμεινε
1002 839 1089 926 παρὰ
1112 849 1178 918 τοῖς

84 943 250 1031 ύρπύοασι
270 944 427 1010 δουλεύων
447 945 503 1012 καί
520 955 586 1022 τοῖς
608 947 735 1012 ἐκείνων
755 943 845 1010 ἔθεσι
865 941 1068 1030 τρεφόμενος.
1091 935 1181 1006 οἶνοι-

84 1049 233 1128 ρεθέντος
256 1047 292 1109 δὲ
314 1050 371 1110 τού
387 1043 598 1131 Ἀντιπάτρου
631 1044 790 1136 φαρμάκῳ
813 1047 969 1133 βασκανίᾳ
988 1047 1044 1127 τῆς
1064 1043 1182 1126 πολλῆς

81 1145 291 1226 εύδαιμονιάς
324 1144 387 1210 sini
411 1145 574 1229 Βαλλίχοο
607 1144 693 1222 τινός
721 1145 896 1226 Ἰουδαίου,
927 1145 1130 1226 διαδέχονται
1151 1137 1183 1206 οἱ

79 1249 194 1320 παῖδες
216 1245 319 1310 αύτού
343 1245 403 1332 την
422 1245 536 1331 α’ρχὴν,
552 1245 700 1332 Ἡρώδης
721 1246 776 1312 καί
794 1247 966 1322 Φασόΐλος.
1009 1239 1064 1306 καί
1084 1241 1101 1304 ό
1122 1244 1182 1321 μὲν

42 1345 137 1430 torpa
155 1345 353 1426 Ἰδουμαίαν
381 1345 437 1410 καί
464 1345 522 1429 τὴν
538 1345 763 1433 Ἱεροσόλυμον
796 1343 996 1432 ἐκληρώσατο
1014 1345 1082 1427 γῆν,
1104 1337 1120 1404 ὅ
1145 1344 1181 1406 δὲ

78 1443 135 1524 τὴν
154 1446 322 1511 Ἰουδαίαν
350 1446 406 1510 καί
428 1447 458 1512 Γ
457 1450 614 1514 αλιλαίαν.
667 1444 760 1530 γνούς
782 1447 817 1511 δὲ
848 1442 891 1521 ὥς
907 1441 1058 1528 Ὑρκανός
1079 1437 1096 1505 ό
1117 1439 1180 1526 πρό

77 1544 182 1610 υύιοιῖ
208 1541 406 1627 βασιλεύσας
438 1542 494 1610 τόν
522 1548 581 1612 τοῦ
600 1546 717 1628 Λαβίδ
738 1543 839 1632 τάφον
867 1545 997 1623 α’νοίξας
1016 1545 1181 1624 τρισχίλιοι

77 1640 173 1726 ἔλαβε
194 1645 350 1728 τάλαντα,
376 1639 480 1730 ἤνοιξε
502 1647 559 1711 καί
571 1646 680 1729 αύτός,
701 1646 758 1712 καί
768 1644 919 1730 χρήματα
933 1649 994 1728 μὲν
1014 1641 1077 1726 ούχ
1095 1635 1181 1727 eripe,

78 1737 197 1824 κόσμον
219 1745 257 1808 δὲ
276 1744 417 1829 χρύσεον
447 1743 505 1810 καί
524 1747 671 1830 κειμήλιοι
698 1743 799 1811 πολλὰ
817 1745 966 1812 α’νείλετο.
1008 1746 1183 1825 πειραθέν-

44 1851 135 1917 15τος
153 1845 190 1909 δὲ
220 1844 329 1908 αύτού
355 1846 509 1928 ἐνδοτέρω
540 1853 668 1928 χωρεῖν,
702 1837 742 1912 ού
762 1847 800 1910 τόν
835 1845 970 1927 στύματα
989 1844 1097 1925 Δαβίδ
1127 1839 1184 1906 καί

85 1943 283 2022 Σολομῶντος
306 1945 470 2030 ἐτέθησαν,
501 1947 566 2029 πύρ
587 1943 716 2023 ἐξελθὸν
738 1943 796 2010 δύο
816 1949 880 2011 τῶν
901 1941 1090 2029 δορυφόρων
1114 1943 1182 2006 διό.

82 2045 209 2126 φθειρε.
257 2040 423 2127 γενόμενος
456 2045 492 2108 δὲ
520 2043 575 2110 καί
604 2047 649 2122 εἷς
677 2043 738 2129 την
764 2043 928 2129 Αἴγυπτον
960 2039 1094 2116 Ἰούλιος
1125 2041 1183 2123 τῆς

79 2140 293 2226 Κλεοπάτρας
317 2144 464 2228 κρατύνει
486 2141 545 2229 την
565 2143 687 2230 α’ρχήν,
709 2145 771 2210 τῶν
793 2142 1020 2223 ἐπιτιθεμένων
1039 2142 1183 2206 α’ναστεί.

84 2245 143 2314 λας
164 2239 221 2314 τὰς
241 2242 430 2325 ἐπιβουλάς,
450 2246 506 2307 καί
522 2239 561 2309 τό
581 2240 636 2310 tut
658 2246 713 2330 τῆς
733 2243 888 2329 οἰνατολῆς
909 2235 1036 2308 ἅπαντα
1060 2241 1183 2324 διοικη-

47 2335 227 2420 tonitruos
246 2343 419 2428 ἐπανῆλθεν
439 2343 484 2422 εἰς
505 2344 564 2430 τήν
580 2342 717 2431 Ῥώμην.

442 2523 528 2584 Γύΐος
548 2520 665 2586 Ἰούλιος
690 2527 816 2595 Χαῖσαρ.

131 2711 137 2722 ,
166 2639 264 2716 Γάϊος
282 2636 418 2718 Ἰούλιος
445 2645 572 2728 Καῖσαρ
598 2643 803 2727 ἒβασιλευσεν
824 2636 879 2727 ἔτη
901 2637 929 2706 δ’
949 2641 1005 2705 καί
1022 2639 1124 2727 μῆνας
1145 2633 1182 2718 ζ.
1277 2613 1279 2618 ’

83 2831 133 2876 ten
157 2825 329 2878 Palaestinae
364 2835 566 2896 procuratorem
591 2827 667 2881 iecit.
716 2827 790 2881 filius
823 2835 912 2880 autern
942 2833 1000 2879 erat
1023 2825 1183 2896 Antipatrnt

83 2895 188 2947 Herodi
209 2898 359 2961 catastam,
377 2899 424 2968 qui
445 2907 503 2952 erat
521 2917 553 2952 ex
572 2899 699 2964 aedituis,
718 2909 746 2953 et
765 2916 798 2952 ex
816 2897 949 2969 Apollinis
972 2899 1000 2950 in
1019 2912 1050 2948 ea
1071 2898 1181 2966 regione

83 2968 226 3019 ministris.
262 2967 335 3020 launo
353 2971 524 3040 Antipatrum
539 2987 598 3023 cnm
612 2987 680 3041 puer
697 2971 786 3022 aslhuo
804 2979 877 3023 esset
893 2969 1042 3040 praedones
1061 2967 1182 3020 idumaei

84 3046 235 3108 rapuerant
255 3047 284 3091 et
302 3041 479 3104 retinuerant,
499 3042 616 3112 pretium
630 3059 678 3112 pro
697 3057 730 3094 eo
748 3043 927 3112 postulantes.
965 3039 1072 3092 resluoto
1092 3047 1184 3089 antem

83 3107 120 3159 ad
140 3125 274 3160 summam
303 3120 490 3182 paupertatem
509 3120 605 3182 patre,
631 3129 721 3165 servus
744 3115 871 3164 remansit
902 3110 973 3180 apud
997 3119 1134 3179 raptores,
1155 3115 1186 3159 et
1255 3151 1262 3166 ,

85 3179 220 3232 educatus
246 3189 289 3232 est
314 3199 407 3233 eorum
428 3183 557 3236 moribus.
604 3183 656 3234 iarn
684 3199 743 3235 cum
762 3183 905 3246 Bellienus,
926 3181 1039 3233 ludaeos
1062 3179 1184 3252 quidam,

85 3249 184 3302 duetus
204 3251 309 3303 invidia
326 3269 438 3321 magnae
459 3253 615 3317 felicitatis,
633 3256 805 3325 Antipatrum
834 3271 938 3306 veneno
969 3251 1122 3314 occidisset,
1141 3266 1185 3300 re-

84 3338 170 3390 gnum
198 3339 326 3393 accepere
355 3325 405 3378 lilii
432 3325 506 3376 illius
533 3324 653 3378 lleroslea
680 3333 708 3378 et
728 3323 880 3388 Phasailos,
898 3341 1012 3396 quorum
1032 3322 1100 3374 alter
1118 3319 1186 3372 λόει-

84 3409 190 3443 mnsam
211 3403 239 3445 et
263 3394 332 3445 circa
350 3395 535 3464 Hierosolyma
553 3405 660 3459 terram,
678 3396 748 3448 niter
765 3396 892 3448 lnslaoam
914 3404 942 3448 et
960 3394 1107 3448 Galilaeam
1128 3408 1186 3444 sor·

84 3464 153 3515 titus
173 3472 223 3515 est
243 3463 290 3514 ubi
310 3469 436 3534 cognovit
446 3469 608 3535 Hyrcanum,
628 3469 676 3538 qui
696 3476 759 3520 anto
773 3485 834 3519 eum
855 3474 1020 3536 regnaverat,
1041 3467 1071 3515 in
1090 3471 1185 3534 aperto

85 3533 200 3586 Doridis
222 3535 366 3604 sepulchro
395 3539 446 3589 tria
467 3540 541 3589 anilia
571 3539 735 3591 talentorum
761 3539 906 3610 reperisse,
926 3539 983 3608 ipse
1002 3537 1123 3606 aperuit;
1141 3541 1185 3584 st-

86 3623 142 3676 que
162 3607 305 3677 pecuniam
325 3607 435 3678 quidem
453 3610 556 3661 nullum
573 3611 687 3674 invenit,
706 3609 752 3662 sed
765 3619 887 3661 ornatum
903 3624 1012 3660 aureum
1031 3607 1185 3674 multasque

86 3694 129 3729 res
150 3679 284 3746 pretiosas
316 3678 382 3730 inde
411 3681 513 3732 sumsit.
561 3699 644 3752 quartur
672 3697 735 3732 vero
757 3682 871 3733 ulterius
895 3687 1038 3749 penetrare
1059 3682 1185 3737 tentaret,

84 3747 135 3798 ubi
159 3748 268 3800 Doridis
289 3757 317 3800 et
339 3749 502 3804 Solomontis
525 3767 637 3820 corporo
656 3752 781 3804 iacebant
799 3752 868 3821 ignis
893 3749 996 3819 prodiit
1014 3750 1186 3816 militumque

85 3817 159 3870 siuns
180 3820 337 3872 combussit.
383 3822 468 3874 lulius
488 3823 631 3875 Caesario
650 3823 799 3891 Aegyptum
822 3839 904 3892 quum
925 3821 1049 3884 venisset,
1068 3819 1186 3886 Cleopa-

85 3897 145 3941 trae
167 3907 279 3958 regnum
304 3892 433 3956 firmarit,
452 3891 663 3945 adversariorum
683 3893 795 3946 insidias
822 3892 955 3957 del'enslit,
973 3901 1054 3964 atqua
1073 3889 1187 3944 orientis

84 3960 172 4014 rebus
194 3963 232 4015 ita
252 3963 408 4034 compositis
424 3965 533 4018 Rolnam
554 3965 643 4018 rediit.

475 4083 559 4138 Carus
574 4085 666 4139 lomus
687 4083 803 4138 Cursus.

163 4193 242 4248 Caius
261 4195 348 4250 lulius
359 4197 455 4254 Caesar
472 4196 490 4248 ll
507 4215 593 4252 annor
613 4205 641 4251 et
659 4197 674 4249 7
694 4215 799 4252 ruentes
818 4197 946 4266 regnavit.
983 4195 1186 4267 cognominatur
