2820 4866
264 323 338 394 338
581 318 789 386 κ8(Σλλ11)’[()ῐλ
826 317 1028 388 inclusus

262 483 323 544 rori
351 475 492 555 πολέμου
520 467 748 558 συνεχύθησαν
774 474 821 538 ἐπ’
852 470 951 537 ου’τόυ
978 468 1008 535 ei
1037 467 1241 556 Βοόλγαροι,
1260 467 1314 535 eei
1329 468 1356 538 ol

266 579 395 665 Θρᾴκης
419 571 553 658 ἤρξαντο
575 570 702 638 κόπτειν
722 571 849 647 eriserit.
897 573 953 637 καί
972 567 1083 656 λοιπόν
1103 574 1162 652 τῆς
1180 569 1287 653 μάχης
1306 565 1357 655 dp·

264 679 399 761 ξαμένης
419 674 477 736 οὐκ
498 665 599 758 ἦλθον
620 673 665 748 εἰς
684 669 837 759 βοήθειαν
857 670 886 737 οἱ
908 669 1015 736 λοιποέ
1034 671 1118 747 λαοέ,
1143 667 1225 736 άλλά
1249 667 1357 734 δειλαί.

264 799 375 853 σαντες
395 773 517 840 ἔδωκαν
539 774 585 848 εἰς
605 772 733 856 τροπήν,
754 775 880 856 πρῶτον
901 770 935 837 τό
958 775 1044 850 θέμα
1065 771 1129 834 τάν
1150 769 1355 834 tentatores·

231 876 319 942 Decri
338 877 609 959 καταλειφθέντες
640 869 730 953 μόνοι
754 869 785 937 οἱ
813 875 874 937 τοῦ
893 872 1072 954 Ἁπλακέου,
1092 872 1147 934 καί
1166 867 1215 951 μὴ
1238 869 1372 951 lugdun-t

236 985 314 1049 'trec
346 975 547 1058 ἀντιστῆναι,
580 965 714 1054 ἤρξαντο
747 970 923 1039 κόπτεσθαι
946 974 1002 1035 καί
1022 970 1124 1035 ιιάτοέ.
1179 971 1236 1036 κατ’
1255 968 1356 1034 λοιπόν

263 1072 383 1149 ἰδόντες
404 1075 506 1136 πάντα
527 1071 564 1137 τά
582 1075 712 1154 θέματα
732 1069 874 1158 ἔφυγον,
895 1080 970 1154 παρ’
988 1065 1093 1154 όλέγον
1113 1071 1356 1152 καταλιμπάνω·

263 1197 312 1248 τες
333 1176 389 1240 καί
406 1171 462 1240 τόν
479 1175 631 1256 βασιλέα,
655 1169 685 1237 σέ
706 1168 743 1236 τό
764 1171 840 1256 πρὶν
862 1167 1065 1253 καυχώμενοι
1084 1171 1168 1256 δπὲρ
1191 1173 1252 1236 τοῦ
1275 1175 1355 1252 βασι-

263 1278 342 1347 λέως
365 1272 421 1336 καί
439 1277 502 1338 τῶν
522 1270 736 1353 ’Χριστιανῶν
766 1271 991 1354 α’γιονιζεσθαι.
1044 1267 1149 1351 ἔλεγον
1171 1271 1235 1356 γάρ
1262 1269 1355 1335 dreis

156 1439 157 1442 ,
263 1377 301 1460 τῇ
320 1374 506 1460 Βουλγαρέρ
536 1368 732 1446 εἰσελθόντες
766 1372 801 1434 έν
828 1369 938 1444 τόποις
969 1367 1143 1450 δυσβάτοις
1177 1372 1382 1453 έκσρέευσοτίο

262 1467 370 1556 ἡμεῖς,
399 1467 520 1545 έξαιθεν
550 1471 586 1535 δέ
609 1472 663 1534 έπέ
693 1467 821 1552 κόμπου
852 1473 978 1553 νικῆσαι
1003 1465 1122 1545 ου’τοός
1141 1467 1272 1552 ἔχομεν.
1312 1469 1357 1534 eoi

262 1571 367 1636 πάντα
400 1568 604 1652 ἐψεύσαντο·
654 1565 751 1653 μήπω
778 1567 842 1653 γάρ
870 1569 1042 1652 δραξάμενοι
1065 1576 1214 1650 πολεμεῖν
1239 1569 1355 1656 ἔφυγον.

262 1671 318 1736 καί
337 1670 446 1736 λοιπὸν
461 1667 591 1754 ,ἐπλήγη
621 1672 655 1734 έν
676 1668 763 1757 adrqi
796 1672 841 1757 τῷ
863 1671 991 1758 πολέμιρ
1020 1665 1040 1733 ό
1069 1693 1102 1734 τε
1134 1667 1293 1755 Ἀταλάντης
1311 1670 1356 1732 κατ’

263 1768 439 1844 πολλοίέκ
459 1771 519 1832 τοῦ
549 1771 632 1834 laod
659 1767 769 1834 αέτοῦ.
823 1765 854 1834 oi
885 1771 922 1834 δέ
945 1772 1052 1833 lornei
1080 1765 1204 1845 ἰδόντες
1233 1763 1285 1833 ότι
1308 1767 1355 1832 ουίι

264 1867 393 1952 έχουσέν
423 1873 520 1932 ποθεν
553 1863 724 1951 βοήθειαν,
766 1865 885 1955 έφογον
905 1871 960 1933 καί
979 1871 1079 1935 edroi.
1122 1860 1162 1952 ἦν
1177 1871 1213 1933 δέ
1235 1865 1253 1934 ό
1275 1865 1380 1942 τόποςδ
1406 1906 1407 1923 1

160 1987 189 2040 Ρ.
200 1985 253 2040 430
265 1969 369 2046 κοιλὰς
389 1971 422 2032 έν
454 1960 479 2057 qi
511 1971 686 2050 συνέβαλον
718 1967 777 2052 την
795 1964 921 2054 μάχην,
950 1973 1007 2034 καί
1025 1967 1062 2033 τά
1087 1971 1217 2049 θέματα
1240 1970 1353 2034 ἵσταντο

264 2067 345 2154 πρός
365 2065 401 2133 τό
425 2064 620 2151 ὑψηλότερον
638 2071 744 2152 μέρος.
786 2057 843 2132 καί
860 2073 1042 2152 τραπέντων
1063 2065 1172 2133 adreio
1192 2071 1353 2151 ἐλογίζοντο

239 2161 315 2238 siin
336 2169 394 2232 ου’κ
417 2165 536 2252 ἔφυγον
559 2167 628 2230 ἀλλ’
651 2165 913 2251 όπισθοτιόδησαυ
937 2166 992 2232 καί
1012 2171 1205 2252 τρυαοῦνται
1227 2163 1353 2239 adroic·

266 2272 321 2334 καί
340 2269 462 2340 εὐθέως
483 2267 523 2330 ου’
541 2268 732 2344 κοτεδιλοξαν
752 2266 883 2341 ου’τοός.
933 2271 989 2330 καί
1007 2265 1088 2350 μετά
1108 2267 1227 2350 μικρὸν
1249 2259 1354 2332 deusd·

265 2385 387 2450 ψαντες
417 2367 521 2449 όλέμον
550 2369 729 2449 θεωροῦσιν
761 2362 812 2430 ότι
833 2365 939 2455 δρόμῳ
973 2371 1078 2456 πολλῷ
1100 2371 1269 2454 φεύγοντες
1290 2367 1382 2430 cirri-2⁰

266 2484 415 2552 κρυψαν,
438 2471 493 2530 καί
512 2465 666 2540 λύσαντες
687 2465 761 2540 roric
791 2467 945 2548 patientie
966 2472 1031 2533 τοῖν
1051 2470 1157 2532 ἵππιον
1177 2467 1356 2532 κατεδιοιιιοι

265 2565 366 2632 όπέσοι
388 2565 504 2632 attur.
547 2567 645 2630 edroi
665 2569 699 2630 δέ
714 2565 884 2652 φεύγοντες
905 2566 1061 2651 άλληλους
1084 2564 1293 2651 συνεπάτουν,
1310 2565 1356 2630 rei

340 2749 382 2806 15.
402 2752 473 2808 πόθι
491 2755 508 2805 P
528 2753 547 2804 i.
566 2769 590 2804 e.
610 2751 695 2807 editio
713 2753 883 2807 Persisiensis
981 2755 1024 2808 16.
1044 2757 1076 2812 ἐν
1093 2744 1126 2832 pl}
1146 2757 1218 2814 ἔνθα
1236 2755 1287 2810 eod

267 2916 306 2968 sie
325 2923 389 2966 eret.
435 2931 468 2967 eo
488 2915 571 2984 igitur
588 2931 705 2985 pugnem
728 2915 869 2970 delibante
887 2919 1060 2987 Bulgerorum
1079 2923 1157 2972 eiiusi
1175 2923 1284 2974 suntin
1302 2936 1352 2973 eun

267 2985 386 3050 ordines,
406 2996 610 3057 coeperuntque
629 2987 748 3040 'l'hraces
767 3005 813 3042 eos
831 2987 955 3041 caedere.
990 3008 1080 3060 pugna
1112 2993 1266 3045 ostruodum
1287 3009 1352 3044 eser-

268 3055 396 3109 desceute
416 3059 538 3128 reliquee
557 3057 679 3110 subsidio
700 3077 756 3111 nun
773 3076 909 3112 accessere
930 3070 1042 3122 turone,
1062 3011 1111 3114 sed
1132 3081 1198 3132 pree
1218 3067 1312 3116 timore
1330 3065 1352 3114 in

269 3125 361 3196 iugum
378 3145 470 3184 versae
490 3137 562 3192 sunt,
580 3135 609 3180 et
626 3130 746 3182 omniurn
771 3132 857 3202 prime
877 3133 1057 3184 Orientalium
1076 3134 1165 3201 legio,
1188 3136 1296 3206 solique
1313 3133 1353 3185 de·

269 3199 358 3251 relicti
391 3199 438 3270 qui
468 3209 545 3250 eraut
572 3217 632 3252 cum
662 3203 776 3272 Apim,
808 3219 858 3254 uec
884 3203 1012 3257 hostilem
1036 3206 1168 3274 impetum
1184 3207 1255 3260 ierre
1274 3205 1352 3262 validi.

268 3277 345 3340 parte
363 3271 480 3339 plurime
501 3269 585 3322 deleti
605 3279 676 3323 sunt.
713 3289 794 3342 porro
807 3271 931 3326 videnter
950 3276 1068 3346 reliques
1080 3277 1204 3344 legiones
1223 3295 1300 3332 sunm
1315 3277 1352 3328 de·

270 3342 387 3393 seruisse
416 3341 557 3405 ordinem,
588 3343 750 3413 imperatore
772 3344 915 3412 neglecto,
944 3363 1012 3397 unus
1036 3356 1097 3416 post
1115 3349 1201 3400 elium
1220 3352 1316 3402 sensim
1332 3347 1353 3398 ie

269 3412 361 3480 fugam
382 3409 486 3482 delapsi
504 3421 578 3478 sunt,
619 3415 644 3464 ui
665 3413 771 3465 modice
791 3415 866 3486 prius
884 3433 933 3486 pro
954 3435 986 3467 eo
1006 3417 1212 3474 crebrissimis
1231 3421 1354 3473 decertare

269 3484 408 3554 vitemque
426 3500 561 3554 exponere
583 3431 775 3552 gloriabuntur.
812 3485 925 3538 “nobie''
947 3487 1111 3557 inquiebant
1129 3492 1300 3560 “Bulgnriem
1319 3491 1355 3541 lu·

271 3555 367 3622 gressis
385 3569 435 3624 per
451 3569 545 3624 erpere
567 3564 595 3606 et
608 3557 680 3608 invia
699 3555 758 3608 loca
776 3554 868 3608 hostes
884 3569 1026 3610 evaserunt
1043 3561 1209 3628 superiores.
1227 3565 1257 3615 iu
1275 3560 1354 3632 pleni-

270 3626 337 3678 tiem
356 3643 420 3676 vero
441 3623 588 3677 educendis
604 3635 677 3678 certe
690 3635 743 3678 stet
755 3627 891 3678 victoria.’'
911 3645 956 3681 eos
973 3637 1062 3682 umen
1078 3648 1146 3682 vana
1165 3650 1228 3701 spes
1248 3634 1352 3686 fefellit:

269 3698 315 3748 vix
335 3697 406 3749 euim
424 3695 492 3748 inito
511 3697 614 3767 praelio
628 3705 702 3766 terge
716 3706 864 3750 verterunt.
884 3697 985 3752 ideirco
996 3702 1217 3771 cnesuslplaces
1234 3706 1265 3756 in
1282 3711 1354 3756 certe·

271 3768 353 3830 mine,
371 3775 400 3818 et
420 3783 452 3818 er
471 3768 529 3819 eius
547 3769 606 3820 acie
624 3769 716 3837 plures
734 3767 889 3822 desiderati.
934 3773 1018 3824 ceteri
1041 3773 1148 3825 nullum
1168 3776 1299 3828 auxilium
1315 3773 1354 3824 ed·

272 3853 331 3890 esse
349 3838 533 3908 contemplati,
551 3840 611 3909 puri
632 3839 692 3908 iuga
718 3838 833 3892 salutem
861 3843 1012 3912 quaesiere.
1049 3853 1107 3896 eret
1124 3845 1238 3915 quidem
1256 3847 1355 3918 depres-

239 3921 315 3961 'sus
335 3917 363 3961 et
381 3927 513 3962 concavus
544 3911 636 3973 locus,
655 3929 710 3981 quo
759 3912 1059 3964 caeliumcommissum
1077 3923 1119 3968 est
1137 3931 1154 3966 α
1178 3917 1354 3986 Bulgsris,le·

271 3981 419 4050 gionerque
441 3981 575 4034 Rotunnae
589 3981 697 4034 stubant
716 3928 757 4032 cd
769 3983 976 4035 eminentiorem
994 3985 1102 4048 collem,
1122 3985 1213 4060 iisque
1231 3991 1262 4042 in
1279 3991 1352 4056 lupen

271 4049 338 4102 netis
357 4051 515 4120 cogitabant
544 4053 591 4104 elii
613 4052 798 4120 confugisse,
823 4051 871 4104 sed
889 4063 1036 4107 retrorsum
1056 4073 1211 4112 accessuros
1232 4069 1261 4112 et
1278 4061 1353 4112 Ιιοοιιι

272 4121 427 4190 fugaturum
450 4139 535 4192 quere
562 4141 617 4176 non
652 4124 794 4176 confestim
822 4123 915 4178 hostes
936 4127 1054 4178 insecuti
1072 4137 1145 4182 sunt
1183 4131 1289 4184 modico
1306 4133 1353 4201 post

271 4207 336 4246 vero
356 4191 552 4264 suspicientes,
575 4193 670 4248 vident
695 4211 741 4258 em
760 4196 886 4268 praepeti
913 4213 991 4252 cursu
1010 4199 1146 4270 fugientes
1167 4203 1352 4262 occultemus
