2828 4874
243 337 296 398 un
314 309 619 400 nunusuourc's
640 335 666 398 Α
685 336 844 400 Lauruss
864 335 1009 402 caetu
1099 325 1172 404 465

73 501 211 590 θράπου
233 499 269 578 ὃς
296 491 547 588 άρχιτπισκοπῆν
576 505 718 587 περιέπει
735 505 923 590 κεντηνάρια
946 507 979 580 ές
998 503 1111 574 ἐκατδν
1132 502 1176 595 (ad

72 599 232 686 πλούτου)
254 600 345 678 ἔτους
363 599 496 668 ἑκάστου
520 605 771 690 δωροφοροῦσαν
795 606 898 692 αέτρῖ·
942 609 997 672 καί
1013 603 1062 671 ἐτι
1083 611 1118 674 ἐν
1138 609 1176 698 τῇ

73 703 133 768 τοῦ
156 702 317 789 Σιφάντου
350 706 418 786 νηΐ,
436 701 479 778 nic
506 695 544 785 ἦν
565 703 746 788 ἐγχωροῦν,
772 704 1033 786 ἀναπαυσάμενοι
1055 709 1095 796 τῇ
1115 733 1173 776 κα·

72 804 211 890 ραδοκίρ
238 805 301 866 acris
321 801 477 883 χιλιάδων
508 799 547 878 ἐς
577 801 653 885 ἡμῖν
672 803 856 888 ἐπέγραψαν
877 802 907 867 οἱ
926 812 1175 892 μεγαλοπρεπεῖς

40 901 231 986 ὅπειραταί
257 901 352 986 (adar)
378 900 440 985 γάρ
462 902 538 988 ἡμῖν
565 900 735 984 κατάλυμα
762 906 887 988 πρῶτον
914 904 1097 992 ου’τυχὴθη,
1125 909 1176 974 αῖ·

69 1002 253 1085 χμαλαέτων
272 1005 414 1084 γέμουσα
436 999 516 1066 κατά
539 999 594 1078 τάς
625 999 738 1078 λοιπάς
758 1000 895 1088 άπάσας,
917 1003 951 1069 οδ
966 1008 1022 1071 κατ’
1037 1009 1177 1089 γοᾶσθαι

71 1099 161 1186 ἡμᾶς
180 1102 335 1182 ὀργῶντας
357 1101 432 1165 αὐτὸ
454 1105 515 1182 μὲν
533 1110 634 1167 ποιεῖν
665 1103 724 1166 ου’νι
744 1095 832 1184 εἶχον
850 1101 979 1190 τόλμαν,
998 1103 1116 1170 uestra
1138 1109 1175 1174 δέ

70 1199 110 1265 τέ
139 1203 257 1275 πένθος
279 1197 451 1284 προσώπου
472 1203 638 1288 συναγωγῇ
652 1199 733 1286 πρὸς
753 1199 1000 1288 σκυθρωπότητα
1021 1209 1078 1272 καί
1096 1208 1175 1273 δνσ-

72 1301 163 1388 ωτιίρι
184 1302 375 1386 ἐκθλιβοάσῃ
407 1297 541 1386 δάκρυα,
563 1297 685 1376 ὁποίοις
710 1299 765 1364 καί
785 1300 885 1385 ἡμεῖς,
909 1299 926 1363 ὅ
949 1306 1014 1368 κατ’
1037 1303 1176 1382 ἐκείνους

0 1425 1 1450 ι
30 1395 238 1482 ῠδυστυχέγς
259 1395 385 1485 φόρτος,
407 1397 526 1474 uv’rodc
544 1399 762 1483 ἡμειβόμεθα·
805 1400 881 1466 ου’δέ
902 1402 963 1485 γάρ
985 1402 1060 1468 eddi
1078 1427 1176 1487 προσ.

70 1503 225 1586 φωνῆσαι
259 1500 358 1582 ἐξῆν).
380 1538 422 1550 -
445 1501 479 1564 ἐν
506 1501 612 1564 τοίνυν
631 1501 668 1586 τῇ
689 1497 818 1588 τοιαύτῃ
843 1501 899 1586 νηῒ
917 1503 990 1568 τότε
1010 1503 1177 1570 καταπαύ-

70 1621 187 1673 σαντες
209 1602 247 1685 τῇ
269 1595 422 1680 ἐπαύριον
445 1595 535 1686 [pessi
565 1602 659 1682 τιμῆς
689 1597 802 1680 ὁμοίας
837 1598 1024 1684 ἀνήχθημεν
1055 1607 1101 1679 εἰς
1121 1602 1178 1668 ads

69 1695 248 1782 Κομνηνέν
266 1699 421 1774 Ἀλέξων·
463 1695 542 1764 ἔνθα
565 1699 653 1782 θῆρα
666 1697 885 1782 εἰκονομάχον,
907 1701 938 1764 Γ
934 1700 1077 1784 ελίελμόν
1097 1728 1178 1789 τινα,

70 1795 109 1874 ὃς
130 1799 168 1862 ἐκ
185 1800 241 1880 τῆς
254 1801 401 1864 Νικαέων
423 1799 534 1882 διέδρα
550 1795 604 1862 ssia
618 1796 835 1882 Ἀνδρόνικον,
856 1793 873 1860 ὃ
894 1794 987 1876 τόπος
1015 1799 1091 1884 ἡμῖν
1111 1805 1178 1882 ἐξέ.

0 1931 1 1952 s
37 1919 186 1984 5φηκεν,
210 1891 321 1980 ἄγριον
347 1899 463 1962 ἐκεῖνον
489 1899 545 1964 καί
574 1891 642 1965 οἷον
662 1899 823 1963 θανατοῦν
851 1899 907 1962 κατ’
924 1905 1046 1983 προτοῦ
1065 1903 1178 1988 ἐμφα-

68 2005 167 2080 γεῖν·
209 1991 244 2072 ὃς
267 1990 320 2060 οἷά
340 2021 388 2073 τις
410 1995 551 2082 Ἐριννές
566 1993 763 2085 τραγῳδική,
783 1993 868 2080 ἔχων
889 2001 958 2063 κατ’
979 2002 1102 2086 ἐκείνην
1121 2006 1178 2070 κατ’

69 2098 184 2186 δᾷδας,
207 2095 440 2184 ἐρεβοδιφήσας
456 2092 539 2180 ἡμεῖς
555 2089 609 2181 (ἦν
628 2095 689 2182 γάρ
712 2090 870 2183 ἧδηνάξ),
893 2101 949 2164 καί
968 2095 1074 2186 seipsis
1096 2097 1176 2168 ἔνθα

67 2201 129 2280 γῆς
152 2192 393 2283 ἐκοιτοζόμεθα,
415 2197 456 2260 ου’
476 2196 556 2281 πρὸς
580 2192 678 2262 dunos
702 2197 908 2282 (ἐπτερύξατο
927 2197 990 2284 γάρ
1012 2198 1177 2281 scindaris,-

70 2299 106 2374 ἐξ
126 2295 218 2379 ἡμῶν
235 2298 289 2362 ἐπί
308 2295 425 2372 νύκτας
435 2289 496 2382 ἤδη
516 2297 650 2383 πολλάς)
664 2295 733 2361 ἄλλ’
755 2291 804 2362 ὅτι
826 2294 871 2382 μή
892 2296 1022 2382 εἴχομεν
1038 2294 1177 2387 ἢκαθῆ-

5 2417 68 2470 20
76 2401 153 2462 σθαι
171 2393 189 2482 ἢ
204 2395 355 2462 ἵστασθαι
371 2391 424 2464 οἷα
439 2399 651 2482 πολυρμέροις
664 2401 955 2482 καταπεπονημένοι
969 2406 1085 2486 κακοῖς,
1098 2400 1176 2466 άνά-

77 2499 165 2577 θτμα
181 2495 263 2580 πρὸς
275 2499 355 2580 βοήν
372 2495 475 2580 συχνά
490 2497 684 2581 ἐβαρβάριζε
703 2498 785 2561 κατά
796 2521 826 2562 τι
847 2495 944 2562 κακόν
959 2499 1109 2586 φροίμιον
1130 2504 1175 2590 aqi

72 2597 119 2680 par}
156 2597 347 2682 φονεύσαντι
373 2597 475 2681 ἡμᾶς,
508 2591 665 2680 παρόντος
693 2597 749 2661 καί
777 2598 905 2680 dyo-‘iod
924 2596 1007 2676 τινὸς
1029 2601 1174 2688 άδελφοῦ

74 2691 161 2786 odrqi
192 2698 226 2776 έξ
258 2695 298 2762 od
326 2695 408 2762 κατὰ
435 2699 497 2762 τοῖν
526 2699 649 2764 ceneda
670 2694 800 2762 εἰκόνων
828 2697 882 2762 τόν
902 2701 990 2784 θῆρα
1014 2700 1175 2783 ἐμάθομεν

80 2979 107 3016 eo
124 2981 207 3028 esse,
233 2964 279 3034 qui
307 2963 568 3034 archiepiscopatum
593 2961 808 3026 administraret,
836 2963 872 3014 ad
890 2973 1000 3016 centnm
1018 2969 1173 3019 centenaria

80 3035 120 3100 (ab
141 3036 281 3106 divitiasi)
301 3036 447 3106 quotannis
466 3033 509 3086 itlt
528 3034 717 3105 praebentem
738 3034 837 3085 deiude
854 3036 883 3086 in
903 3037 965 3086 navt
985 3035 1111 3106 Siphanti
1130 3051 1173 3089 re·

80 3109 257 3174 quiescentes,
277 3115 308 3158 ut
322 3105 433 3168 licebat,
454 3114 482 3158 et
494 3113 642 3174 argentum,
664 3105 738 3175 quod
755 3105 835 3157 nobis
853 3105 1051 3174 imperaverant
1062 3110 1174 3178 superbi

71 3177 188 3244 piratae,
207 3187 382 3245 expectantes
404 3175 487 3246 (iliud
507 3177 579 3228 enim
598 3175 678 3228 nobis
697 3178 813 3246 primum
838 3176 1020 3229 deversorium
1048 3180 1173 3247 contigit,

68 3251 189 3320 captivis
205 3249 342 3312 refertum,
360 3257 392 3300 ut
404 3255 510 3300 ceterae
521 3263 611 3309 naves,
629 3249 676 3317 qui
694 3265 744 3300 nos
756 3249 884 3299 miserari.
901 3251 1022 3318 quamvis
1033 3259 1173 3318 cuperent,

60 3331 130 3372 aton
149 3319 305 3382 sedebant,
327 3319 376 3372 sad
394 3319 515 3371 dolorem
544 3327 634 3371 tamen
652 3319 728 3370 vultu
754 3317 789 3369 nd
807 3319 943 3371 tristitiem
971 3322 1122 3390 composito
1144 3329 1172 3374 et

58 3387 191 3444 lacrimis
209 3392 348 3444 moestitia
367 3391 499 3461 expressis
524 3389 725 3456 significabant:
750 3389 778 3440 id
797 3389 971 3460 quodetiam
990 3409 1040 3444 nos
1053 3393 1171 3444 vicissim

50 3455 249 3526 faciebamus,
268 3479 300 3515 aa
321 3479 356 3515 ue
371 3470 455 3532 atqua
469 3461 511 3512 itti
524 3460 606 3512 homo
618 3461 804 3513 calamitosus:
822 3477 884 3512 num
897 3477 932 3512 ne
944 3463 1048 3532 alloqui
1061 3461 1171 3533 quidem

78 3543 238 3606 uemqnam
258 3481 370 3604 licedsat)
390 3563 425 3574 —
444 3534 471 3583 in
486 3532 535 3584 iila
551 3527 634 3599 igitur
652 3533 780 3584 navitam
799 3539 878 3584 nocte
897 3541 1040 3596 transacta,
1059 3542 1170 3602 postero

72 3597 114 3650 1'0
139 3622 226 3676 aeque
244 3604 394 3658 honorifice
404 3603 438 3655 sd
448 3603 572 3656 Alexium
583 3603 749 3656 Cumnennrn
767 3601 877 3655 deducti
897 3619 1005 3656 sumus:
1024 3604 1071 3656 ubi
1086 3604 1169 3658 sesana

37 3665 236 3742 imaginibus
252 3677 387 3740 insontem,
399 3675 563 3728 Gelietrnum
578 3673 722 3742 quendam,
741 3675 788 3744 qui
810 3688 826 3724 a
843 3673 1033 3728 Nicaeensium
1060 3675 1170 3729 civitate

32 3735 257 3800 Andronicum
272 3751 410 3814 effugerat,
420 3747 581 3808 invenimus,
591 3745 726 3797 bominem
737 3745 853 3796 ferocem
864 3753 893 3796 et
903 3747 979 3815 quasi
990 3746 1063 3816 prius
1074 3763 1170 3799 necare

31 3810 193 3882 felicum,
212 3833 281 3890 quoa
300 3817 457 3870 slavorsret:
480 3818 528 3888 qui
551 3817 640 3868 iuriae
660 3818 778 3884 tragicae
795 3815 900 3878 instar,
918 3816 1004 3868 issem
1022 3818 1119 3881 etiam,
1140 3828 1171 3872 nt

31 3873 133 3946 ¹¹¹²,
155 3889 278 3942 manibus
297 3897 408 3950 tenens,
427 3903 475 3957 per
503 3887 628 3940 tenebras
648 3888 712 3957 (iarn
732 3888 803 3938 enim
826 3903 880 3938 noa
897 3889 967 3958 erat)
986 3905 1035 3940 nos
1053 3903 1171 3958 quaese-

28 3939 130 4014 bat,
152 3971 181 4015 et
203 3978 286 4032 quum
306 3960 462 4020 invenisset,
483 3959 532 4010 ubi
550 3959 708 4010 subaremus
737 3974 792 4010 non
810 3956 845 4008 nd
862 3973 984 4010 somnum
1009 3959 1171 4030 capiendum

28 4009 134 4082 “1¹¹1
152 4034 208 4084 iam
229 4031 321 4084 multis
334 4047 384 4082 noa
402 4029 528 4083 noctibus
547 4031 678 4098 ingerat),
698 4028 746 4082 sed
767 4029 831 4100 quia
850 4045 901 4080 neo
918 4038 989 4080 stare
1008 4047 1059 4082 nec
1077 4031 1171 4084 sedere

24 4091 247 4164 Interamna,
267 4101 414 4154 multorum
432 4099 537 4152 dierutu
556 4103 692 4152 aerumnis
713 4099 856 4161 exhausti,
876 4098 1035 4170 frequentes
1055 4101 1171 4156 barbaro

23 4161 191 4228 ’ΝΟΜ
204 4175 323 4226 carmina
334 4171 531 4234 enarrabatur,
544 4173 702 4244 quicunqne
713 4187 820 4223 noanon
838 4170 990 4224 occidisset·
1022 4173 1170 4224 comitaba-

48 4235 105 4276 ¹'¹’
122 4240 204 4300 titum
224 4255 314 4298 autem
331 4243 420 4294 bonna
437 4243 547 4314 quidam
565 4245 658 4308 iratas,
679 4259 712 4294 ex
730 4258 785 4312 quo
801 4242 885 4294 seram
904 4243 985 4294 istam
1003 4244 1032 4296 in
1042 4244 1171 4311 imagines

123 4337 182 4400 lae
205 4341 416 4396 Grammaticus.
943 4336 978 4389 dd
