<?xml version="1.0" encoding="UTF-8"?>
<!DOCTYPE html PUBLIC "-//W3C//DTD XHTML 1.0 Transitional//EN"
    "http://www.w3.org/TR/xhtml1/DTD/xhtml1-transitional.dtd">
<html xmlns="http://www.w3.org/1999/xhtml" xml:lang="en" lang="en">
 <head>
  <title>
</title>
<meta http-equiv="Content-Type" content="text/html;charset=utf-8" />
  <meta name='ocr-system' content='tesseract 3.04.00' />
  <meta name='ocr-capabilities' content='ocr_page ocr_carea ocr_par ocr_line ocrx_word'/>
</head>
<body>
  <div class='ocr_page' id='page_1' title='image "./leonisgrammatic00gramgoog/leonisgrammatic00gramgoog_0438.png"; bbox 0 0 2826 4868; ppageno 0'>
   <div class='ocr_carea' id='block_1_1' title="bbox 188 318 1103 401">
    <p class='ocr_par' dir='ltr' id='par_1_1' title="bbox 188 318 1103 401">
     <span class='ocr_line' id='line_1_1' title="bbox 188 318 1103 401; baseline -0.009 -1"><span class='ocrx_word' id='word_1_1' title='bbox 188 338 242 401; x_wconf 78' lang='lat' dir='ltr'>uu</span> <span class='ocrx_word' id='word_1_2' title='bbox 259 334 566 399; x_wconf 73' lang='lat' dir='ltr'>auusssuouiea</span> <span class='ocrx_word' id='word_1_3' title='bbox 587 337 613 398; x_wconf 83' lang='grc' dir='ltr'><strong><em>κ</em></strong></span> <span class='ocrx_word' id='word_1_4' title='bbox 634 335 792 398; x_wconf 75' lang='lat' dir='ltr'>mulus</span> <span class='ocrx_word' id='word_1_5' title='bbox 812 332 954 398; x_wconf 70' lang='lat' dir='ltr'>cacat.</span> <span class='ocrx_word' id='word_1_6' title='bbox 1032 318 1103 395; x_wconf 79' lang='lat' dir='ltr'>lust</span> 
     </span>
    </p>
   </div>
   <div class='ocr_carea' id='block_1_2' title="bbox 26 475 1115 2468">
    <p class='ocr_par' dir='ltr' id='par_1_2' title="bbox 26 475 1115 2468">
     <span class='ocr_line' id='line_1_2' title="bbox 26 475 1109 570; baseline -0.004 -22"><span class='ocrx_word' id='word_1_7' title='bbox 26 481 201 558; x_wconf 81' lang='grc' dir='ltr'><strong><em>οθάσαετες</em></strong></span> <span class='ocrx_word' id='word_1_8' title='bbox 221 483 374 567; x_wconf 76' lang='grc' dir='ltr'><strong><em>ε’νέένγσαν</em></strong></span> <span class='ocrx_word' id='word_1_9' title='bbox 389 478 506 558; x_wconf 77' lang='grc' dir='ltr'><strong><em>αὖτοὺς</em></strong></span> <span class='ocrx_word' id='word_1_10' title='bbox 523 475 627 564; x_wconf 78' lang='grc' dir='ltr'><strong><em>ὅρκοις</em></strong></span> <span class='ocrx_word' id='word_1_11' title='bbox 646 485 691 560; x_wconf 82' lang='grc' dir='ltr'><strong><em>είς</em></strong></span> <span class='ocrx_word' id='word_1_12' title='bbox 712 483 818 547; x_wconf 82' lang='grc' dir='ltr'><strong><em>πίστιν</em></strong></span> <span class='ocrx_word' id='word_1_13' title='bbox 838 485 882 570; x_wconf 75' lang='grc' dir='ltr'>τῷ</span> <span class='ocrx_word' id='word_1_14' title='bbox 902 503 935 546; x_wconf 87' lang='grc' dir='ltr'><strong><em>τε</em></strong></span> <span class='ocrx_word' id='word_1_15' title='bbox 951 477 1109 564; x_wconf 59' lang='lat' dir='ltr'>Mutavit</span> 
     </span>
     <span class='ocr_line' id='line_1_3' title="bbox 26 574 1111 672; baseline -0.002 -27"><span class='ocrx_word' id='word_1_16' title='bbox 26 582 73 646; x_wconf 78' lang='grc' dir='ltr'>ἀί</span> <span class='ocrx_word' id='word_1_17' title='bbox 93 583 137 670; x_wconf 75' lang='grc' dir='ltr'>τῷ</span> <span class='ocrx_word' id='word_1_18' title='bbox 150 584 363 672; x_wconf 79' lang='grc' dir='ltr'><strong><em>διαδεξαμένιρ</em></strong></span> <span class='ocrx_word' id='word_1_19' title='bbox 380 580 480 648; x_wconf 75' lang='grc' dir='ltr'><strong><em>αὐτόν</em></strong></span> <span class='ocrx_word' id='word_1_20' title='bbox 498 581 557 671; x_wconf 70' lang='lat' dir='ltr'>uiui</span> <span class='ocrx_word' id='word_1_21' title='bbox 573 582 712 671; x_wconf 81' lang='grc' dir='ltr'><strong><em>Ἀλεξίιρ.</em></strong></span> <span class='ocrx_word' id='word_1_22' title='bbox 731 574 818 666; x_wconf 77' lang='grc' dir='ltr'>ἢχθη</span> <span class='ocrx_word' id='word_1_23' title='bbox 836 585 873 647; x_wconf 77' lang='lat' dir='ltr'>di</span> <span class='ocrx_word' id='word_1_24' title='bbox 891 584 948 645; x_wconf 86' lang='grc' dir='ltr'>καί</span> <span class='ocrx_word' id='word_1_25' title='bbox 966 577 1045 662; x_wconf 82' lang='grc' dir='ltr'><strong><em>πρός</em></strong></span> <span class='ocrx_word' id='word_1_26' title='bbox 1057 579 1111 644; x_wconf 86' lang='grc' dir='ltr'><strong><em>τόν</em></strong></span> 
     </span>
     <span class='ocr_line' id='line_1_4' title="bbox 26 678 1109 766; baseline -0.002 -22"><span class='ocrx_word' id='word_1_27' title='bbox 26 681 101 766; x_wconf 74' lang='grc' dir='ltr'>ἱῆγα</span> <span class='ocrx_word' id='word_1_28' title='bbox 121 684 264 757; x_wconf 63' lang='grc' dir='ltr'><strong><em>ἓλκελίας</em></strong></span> <span class='ocrx_word' id='word_1_29' title='bbox 285 678 301 745; x_wconf 85' lang='grc' dir='ltr'><em>ὃ</em></span> <span class='ocrx_word' id='word_1_30' title='bbox 321 684 462 757; x_wconf 78' lang='grc' dir='ltr'><strong><em>τοιοῦτος</em></strong></span> <span class='ocrx_word' id='word_1_31' title='bbox 485 681 620 757; x_wconf 85' lang='grc' dir='ltr'><strong><em>ιιλαστός</em></strong></span> <span class='ocrx_word' id='word_1_32' title='bbox 640 683 801 763; x_wconf 76' lang='grc' dir='ltr'><strong><em>βασιλεύς.</em></strong></span> <span class='ocrx_word' id='word_1_33' title='bbox 843 683 899 745; x_wconf 85' lang='grc' dir='ltr'>καί</span> <span class='ocrx_word' id='word_1_34' title='bbox 919 678 936 743; x_wconf 86' lang='grc' dir='ltr'><strong><em>ό</em></strong></span> <span class='ocrx_word' id='word_1_35' title='bbox 959 681 1020 760; x_wconf 83' lang='grc' dir='ltr'><strong><em>μὲν</em></strong></span> <span class='ocrx_word' id='word_1_36' title='bbox 1044 683 1109 744; x_wconf 82' lang='grc' dir='ltr'>Κο-</span> 
     </span>
     <span class='ocr_line' id='line_1_5' title="bbox 26 771 1110 866; baseline -0.005 -22"><span class='ocrx_word' id='word_1_37' title='bbox 26 777 134 864; x_wconf 84' lang='grc' dir='ltr'><strong><em>ινηνός</em></strong></span> <span class='ocrx_word' id='word_1_38' title='bbox 148 774 298 864; x_wconf 75' lang='grc' dir='ltr'><strong><em>Ἀλέξιος,</em></strong></span> <span class='ocrx_word' id='word_1_39' title='bbox 322 781 340 846; x_wconf 80' lang='grc' dir='ltr'><em>ὅ</em></span> <span class='ocrx_word' id='word_1_40' title='bbox 363 781 418 846; x_wconf 88' lang='grc' dir='ltr'><strong><em>τόν</em></strong></span> <span class='ocrx_word' id='word_1_41' title='bbox 435 783 563 848; x_wconf 77' lang='grc' dir='ltr'><strong><em>Σικελόν</em></strong></span> <span class='ocrx_word' id='word_1_42' title='bbox 583 785 742 865; x_wconf 78' lang='grc' dir='ltr'><strong><em>ἐρεθίσας,</em></strong></span> <span class='ocrx_word' id='word_1_43' title='bbox 762 771 877 866; x_wconf 74' lang='grc' dir='ltr'><strong><em>ἤλεγχε</em></strong></span> <span class='ocrx_word' id='word_1_44' title='bbox 896 779 951 843; x_wconf 85' lang='grc' dir='ltr'><strong><em>τόν</em></strong></span> <span class='ocrx_word' id='word_1_45' title='bbox 973 775 1110 860; x_wconf 81' lang='grc' dir='ltr'><strong><em>α’γροιιό.</em></strong></span> 
     </span>
     <span class='ocr_line' id='line_1_6' title="bbox 26 875 1110 970; baseline -0.002 -26"><span class='ocrx_word' id='word_1_46' title='bbox 26 903 74 963; x_wconf 77' lang='grc' dir='ltr'><strong><em>ην</em></strong></span> <span class='ocrx_word' id='word_1_47' title='bbox 94 883 202 945; x_wconf 80' lang='grc' dir='ltr'><strong><em>τοῦτον</em></strong></span> <span class='ocrx_word' id='word_1_48' title='bbox 231 885 348 968; x_wconf 80' lang='grc' dir='ltr'><strong><em>παῖδα,</em></strong></span> <span class='ocrx_word' id='word_1_49' title='bbox 373 885 432 946; x_wconf 79' lang='grc' dir='ltr'><strong><em>’ναί</em></strong></span> <span class='ocrx_word' id='word_1_50' title='bbox 455 884 490 946; x_wconf 75' lang='lat' dir='ltr'>di</span> <span class='ocrx_word' id='word_1_51' title='bbox 521 885 576 946; x_wconf 86' lang='grc' dir='ltr'>καί</span> <span class='ocrx_word' id='word_1_52' title='bbox 598 877 710 946; x_wconf 74' lang='lat' dir='ltr'>oloris·</span> <span class='ocrx_word' id='word_1_53' title='bbox 739 883 844 970; x_wconf 69' lang='lat' dir='ltr'>adalgi·</span> <span class='ocrx_word' id='word_1_54' title='bbox 887 875 915 944; x_wconf 83' lang='lat' dir='ltr'>oi</span> <span class='ocrx_word' id='word_1_55' title='bbox 937 881 973 944; x_wconf 78' lang='grc' dir='ltr'>ιλὲ</span> <span class='ocrx_word' id='word_1_56' title='bbox 994 881 1110 944; x_wconf 76' lang='grc' dir='ltr'><strong><em>ἐκτῶν</em></strong></span> 
     </span>
     <span class='ocr_line' id='line_1_7' title="bbox 26 975 1109 1066; baseline -0.001 -23"><span class='ocrx_word' id='word_1_57' title='bbox 26 983 122 1044; x_wconf 66' lang='lat' dir='ltr'>&#39;ducis</span> <span class='ocrx_word' id='word_1_58' title='bbox 138 979 343 1062; x_wconf 80' lang='grc' dir='ltr'><strong><em>ε’βεβαιοῦντο</em></strong></span> <span class='ocrx_word' id='word_1_59' title='bbox 365 976 403 1046; x_wconf 80' lang='lat' dir='ltr'>sd</span> <span class='ocrx_word' id='word_1_60' title='bbox 437 975 482 1047; x_wconf 80' lang='grc' dir='ltr'>ότι</span> <span class='ocrx_word' id='word_1_61' title='bbox 503 979 590 1064; x_wconf 80' lang='grc' dir='ltr'><strong><em>μάλα</em></strong></span> <span class='ocrx_word' id='word_1_62' title='bbox 616 980 672 1046; x_wconf 87' lang='grc' dir='ltr'>καί</span> <span class='ocrx_word' id='word_1_63' title='bbox 691 979 963 1066; x_wconf 69' lang='grc' dir='ltr'>ἀπηκριβωμένως</span> <span class='ocrx_word' id='word_1_64' title='bbox 979 980 1109 1044; x_wconf 85' lang='grc' dir='ltr'><strong><em>εἰιίστα-</em></strong></span> 
     </span>
     <span class='ocr_line' id='line_1_8' title="bbox 26 1069 1111 1164; baseline 0 -22"><span class='ocrx_word' id='word_1_65' title='bbox 26 1082 98 1142; x_wconf 83' lang='grc' dir='ltr'><strong><em>ιθαι</em></strong></span> <span class='ocrx_word' id='word_1_66' title='bbox 118 1077 215 1144; x_wconf 78' lang='grc' dir='ltr'><strong><em>αὐτόν</em></strong></span> <span class='ocrx_word' id='word_1_67' title='bbox 242 1082 360 1146; x_wconf 78' lang='grc' dir='ltr'><strong><em>ἐκεῖνον</em></strong></span> <span class='ocrx_word' id='word_1_68' title='bbox 393 1075 473 1147; x_wconf 81' lang='grc' dir='ltr'><strong><em>εἶναι</em></strong></span> <span class='ocrx_word' id='word_1_69' title='bbox 494 1080 551 1147; x_wconf 88' lang='grc' dir='ltr'><strong><em>τόν</em></strong></span> <span class='ocrx_word' id='word_1_70' title='bbox 571 1083 672 1146; x_wconf 78' lang='grc' dir='ltr'><strong><em>παῖδα</em></strong></span> <span class='ocrx_word' id='word_1_71' title='bbox 698 1083 754 1144; x_wconf 77' lang='grc' dir='ltr'>τοῦ</span> <span class='ocrx_word' id='word_1_72' title='bbox 776 1078 946 1164; x_wconf 79' lang='grc' dir='ltr'><strong><em>Μανοοὴλ,</em></strong></span> <span class='ocrx_word' id='word_1_73' title='bbox 967 1078 1047 1161; x_wconf 70' lang='lat' dir='ltr'>siaiu</span> <span class='ocrx_word' id='word_1_74' title='bbox 1071 1069 1111 1142; x_wconf 72' lang='lat' dir='ltr'>od</span> 
     </span>
     <span class='ocr_line' id='line_1_9' title="bbox 26 1173 1115 1263; baseline 0.002 -23"><span class='ocrx_word' id='word_1_75' title='bbox 26 1179 72 1241; x_wconf 75' lang='grc' dir='ltr'><strong><em>,αι’</em></strong></span> <span class='ocrx_word' id='word_1_76' title='bbox 95 1177 328 1246; x_wconf 73' lang='grc' dir='ltr'><strong><em>ἀποθανεῖσθαι</em></strong></span> <span class='ocrx_word' id='word_1_77' title='bbox 352 1180 482 1256; x_wconf 70' lang='grc' dir='ltr'><strong><em>αὐτούς.</em></strong></span> <span class='ocrx_word' id='word_1_78' title='bbox 538 1183 626 1257; x_wconf 88' lang='grc' dir='ltr'><strong><em>τέλος</em></strong></span> <span class='ocrx_word' id='word_1_79' title='bbox 655 1184 690 1246; x_wconf 78' lang='grc' dir='ltr'>δὲ</span> <span class='ocrx_word' id='word_1_80' title='bbox 722 1180 739 1244; x_wconf 80' lang='grc' dir='ltr'>ὅ</span> <span class='ocrx_word' id='word_1_81' title='bbox 765 1184 825 1263; x_wconf 82' lang='grc' dir='ltr'><strong><em>μέν</em></strong></span> <span class='ocrx_word' id='word_1_82' title='bbox 844 1177 988 1258; x_wconf 78' lang='grc' dir='ltr'><strong><em>Σικελός,</em></strong></span> <span class='ocrx_word' id='word_1_83' title='bbox 1009 1181 1040 1243; x_wconf 88' lang='grc' dir='ltr'><strong><em>εἰ</em></strong></span> <span class='ocrx_word' id='word_1_84' title='bbox 1057 1173 1115 1242; x_wconf 77' lang='grc' dir='ltr'>καί</span> 
     </span>
     <span class='ocr_line' id='line_1_10' title="bbox 26 1273 1112 1366; baseline -0.001 -24"><span class='ocrx_word' id='word_1_85' title='bbox 26 1281 156 1361; x_wconf 49' lang='grc' dir='ltr'>ζτιέγνω,</span> <span class='ocrx_word' id='word_1_86' title='bbox 178 1283 276 1365; x_wconf 85' lang='grc' dir='ltr'><strong><em>φασί,</em></strong></span> <span class='ocrx_word' id='word_1_87' title='bbox 307 1280 343 1346; x_wconf 84' lang='grc' dir='ltr'>τὸ</span> <span class='ocrx_word' id='word_1_88' title='bbox 372 1283 506 1366; x_wconf 77' lang='grc' dir='ltr'><strong><em>α’ληθὲς,</em></strong></span> <span class='ocrx_word' id='word_1_89' title='bbox 534 1273 616 1361; x_wconf 69' lang='grc' dir='ltr'><strong><em>’όμοος</em></strong></span> <span class='ocrx_word' id='word_1_90' title='bbox 638 1277 811 1364; x_wconf 77' lang='grc' dir='ltr'><strong><em>πεισμονῆν</em></strong></span> <span class='ocrx_word' id='word_1_91' title='bbox 844 1281 930 1344; x_wconf 86' lang='grc' dir='ltr'><strong><em>ίδίαν</em></strong></span> <span class='ocrx_word' id='word_1_92' title='bbox 952 1274 1035 1362; x_wconf 78' lang='grc' dir='ltr'><strong><em>ἔχων</em></strong></span> <span class='ocrx_word' id='word_1_93' title='bbox 1056 1275 1112 1341; x_wconf 85' lang='grc' dir='ltr'>καί</span> 
     </span>
     <span class='ocr_line' id='line_1_11' title="bbox 26 1376 1112 1468; baseline -0.002 -26"><span class='ocrx_word' id='word_1_94' title='bbox 26 1381 76 1442; x_wconf 78' lang='grc' dir='ltr'>οὕ</span> <span class='ocrx_word' id='word_1_95' title='bbox 103 1376 220 1463; x_wconf 84' lang='grc' dir='ltr'><strong><em>θρόνου</em></strong></span> <span class='ocrx_word' id='word_1_96' title='bbox 249 1379 613 1457; x_wconf 82' lang='grc' dir='ltr'><strong><em>Κωνσταντινουτιόλεαις</em></strong></span> <span class='ocrx_word' id='word_1_97' title='bbox 649 1383 833 1468; x_wconf 75' lang='grc' dir='ltr'><strong><em>ἐφιέμενος,</em></strong></span> <span class='ocrx_word' id='word_1_98' title='bbox 862 1379 893 1443; x_wconf 87' lang='grc' dir='ltr'>οἱ</span> <span class='ocrx_word' id='word_1_99' title='bbox 924 1380 960 1444; x_wconf 81' lang='grc' dir='ltr'>δὲ</span> <span class='ocrx_word' id='word_1_100' title='bbox 989 1376 1112 1444; x_wconf 77' lang='grc' dir='ltr'><strong><em>ἐθνικοί</em></strong></span> 
     </span>
     <span class='ocr_line' id='line_1_12' title="bbox 26 1475 1110 1566; baseline -0.003 -23"><span class='ocrx_word' id='word_1_101' title='bbox 26 1481 157 1555; x_wconf 72' lang='grc' dir='ltr'><strong><em>Αλεξίοο</em></strong></span> <span class='ocrx_word' id='word_1_102' title='bbox 172 1483 327 1560; x_wconf 84' lang='grc' dir='ltr'><strong><em>βασιλέως</em></strong></span> <span class='ocrx_word' id='word_1_103' title='bbox 348 1479 478 1544; x_wconf 79' lang='grc' dir='ltr'><strong><em>εἴδωλον</em></strong></span> <span class='ocrx_word' id='word_1_104' title='bbox 510 1479 571 1565; x_wconf 82' lang='grc' dir='ltr'>πρὸ</span> <span class='ocrx_word' id='word_1_105' title='bbox 593 1485 647 1564; x_wconf 75' lang='grc' dir='ltr'>τῆς</span> <span class='ocrx_word' id='word_1_106' title='bbox 670 1483 848 1566; x_wconf 76' lang='grc' dir='ltr'><strong><em>φαντασίας</em></strong></span> <span class='ocrx_word' id='word_1_107' title='bbox 866 1483 1018 1566; x_wconf 82' lang='grc' dir='ltr'><strong><em>φέροντες</em></strong></span> <span class='ocrx_word' id='word_1_108' title='bbox 1040 1475 1110 1563; x_wconf 84' lang='grc' dir='ltr'><strong><em>(τόν</em></strong></span> 
     </span>
     <span class='ocr_line' id='line_1_13' title="bbox 26 1575 1109 1664; baseline -0.002 -22"><span class='ocrx_word' id='word_1_109' title='bbox 26 1575 73 1662; x_wconf 77' lang='lat' dir='ltr'>rip</span> <span class='ocrx_word' id='word_1_110' title='bbox 104 1580 285 1660; x_wconf 82' lang='grc' dir='ltr'><strong><em>δηλωθέντα</em></strong></span> <span class='ocrx_word' id='word_1_111' title='bbox 309 1584 409 1644; x_wconf 79' lang='grc' dir='ltr'><strong><em>παῖδα</em></strong></span> <span class='ocrx_word' id='word_1_112' title='bbox 431 1580 450 1664; x_wconf 84' lang='grc' dir='ltr'><em>ἦ</em></span> <span class='ocrx_word' id='word_1_113' title='bbox 473 1583 600 1646; x_wconf 76' lang='grc' dir='ltr'><strong><em>Σικελία</em></strong></span> <span class='ocrx_word' id='word_1_114' title='bbox 621 1577 689 1662; x_wconf 85' lang='grc' dir='ltr'><strong><em>ἔχει</em></strong></span> <span class='ocrx_word' id='word_1_115' title='bbox 723 1581 959 1662; x_wconf 79' lang='grc' dir='ltr'><strong><em>ιίπελεγχθέντα</em></strong></span> <span class='ocrx_word' id='word_1_116' title='bbox 978 1581 1109 1664; x_wconf 89' lang='grc' dir='ltr'><strong><em>θρέμμα</em></strong></span> 
     </span>
     <span class='ocr_line' id='line_1_14' title="bbox 29 1671 1107 1765; baseline 0.001 -24"><span class='ocrx_word' id='word_1_117' title='bbox 29 1671 94 1744; x_wconf 85' lang='grc' dir='ltr'><strong><em>ίναι</em></strong></span> <span class='ocrx_word' id='word_1_118' title='bbox 120 1676 233 1763; x_wconf 72' lang='grc' dir='ltr'><strong><em>ἀγροῦ)</em></strong></span> <span class='ocrx_word' id='word_1_119' title='bbox 262 1677 318 1744; x_wconf 81' lang='grc' dir='ltr'>καί</span> <span class='ocrx_word' id='word_1_120' title='bbox 349 1681 578 1762; x_wconf 78' lang='grc' dir='ltr'><strong><em>ἐγκαταστῆσαι</em></strong></span> <span class='ocrx_word' id='word_1_121' title='bbox 606 1677 662 1762; x_wconf 70' lang='grc' dir='ltr'><strong><em>τήν</em></strong></span> <span class='ocrx_word' id='word_1_122' title='bbox 688 1680 867 1765; x_wconf 83' lang='grc' dir='ltr'><strong><em>φαντασίαν</em></strong></span> <span class='ocrx_word' id='word_1_123' title='bbox 900 1680 945 1753; x_wconf 86' lang='grc' dir='ltr'><strong><em>είς</em></strong></span> <span class='ocrx_word' id='word_1_124' title='bbox 972 1677 1107 1760; x_wconf 77' lang='grc' dir='ltr'><strong><em>βασιλέα</em></strong></span> 
     </span>
     <span class='ocr_line' id='line_1_15' title="bbox 29 1774 1115 1869; baseline 0.001 -29"><span class='ocrx_word' id='word_1_125' title='bbox 29 1786 77 1853; x_wconf 83' lang='grc' dir='ltr'>οῖς</span> <span class='ocrx_word' id='word_1_126' title='bbox 95 1781 357 1860; x_wconf 81' lang='grc' dir='ltr'><strong><em>μεγαλοαολίταις</em></strong></span> <span class='ocrx_word' id='word_1_127' title='bbox 382 1781 631 1866; x_wconf 85' lang='grc' dir='ltr'><strong><em>φρυαττόμενοι,</em></strong></span> <span class='ocrx_word' id='word_1_128' title='bbox 653 1783 812 1844; x_wconf 76' lang='grc' dir='ltr'><strong><em>κινοῦνται</em></strong></span> <span class='ocrx_word' id='word_1_129' title='bbox 833 1783 906 1846; x_wconf 85' lang='grc' dir='ltr'><strong><em>καθ’</em></strong></span> <span class='ocrx_word' id='word_1_130' title='bbox 918 1777 1008 1863; x_wconf 75' lang='grc' dir='ltr'><strong><em>ἡμῶν</em></strong></span> <span class='ocrx_word' id='word_1_131' title='bbox 1021 1774 1115 1869; x_wconf 43' lang='grc' dir='ltr'><strong><em>θόρε</em></strong></span> 
     </span>
     <span class='ocr_line' id='line_1_16' title="bbox 26 1873 1107 1964; baseline -0.002 -22"><span class='ocrx_word' id='word_1_132' title='bbox 26 1903 60 1943; x_wconf 84' lang='grc' dir='ltr'><strong><em>ιει</em></strong></span> <span class='ocrx_word' id='word_1_133' title='bbox 83 1883 208 1964; x_wconf 77' lang='grc' dir='ltr'><strong><em>πολλῷ,</em></strong></span> <span class='ocrx_word' id='word_1_134' title='bbox 237 1878 294 1942; x_wconf 86' lang='grc' dir='ltr'>καί</span> <span class='ocrx_word' id='word_1_135' title='bbox 311 1883 410 1944; x_wconf 76' lang='grc' dir='ltr'><strong><em>ταῦτα</em></strong></span> <span class='ocrx_word' id='word_1_136' title='bbox 440 1881 587 1964; x_wconf 80' lang='grc' dir='ltr'><strong><em>κωλόμης</em></strong></span> <span class='ocrx_word' id='word_1_137' title='bbox 609 1873 678 1944; x_wconf 79' lang='grc' dir='ltr'><strong><em>σόει</em></strong></span> <span class='ocrx_word' id='word_1_138' title='bbox 699 1880 787 1961; x_wconf 79' lang='grc' dir='ltr'><strong><em>μάλα</em></strong></span> <span class='ocrx_word' id='word_1_139' title='bbox 809 1875 854 1963; x_wconf 72' lang='grc' dir='ltr'>μέγ</span> <span class='ocrx_word' id='word_1_140' title='bbox 875 1878 1042 1962; x_wconf 80' lang='grc' dir='ltr'><strong><em>σταθερός,</em></strong></span> <span class='ocrx_word' id='word_1_141' title='bbox 1063 1875 1107 1950; x_wconf 80' lang='grc' dir='ltr'><strong><em>σός</em></strong></span> 
     </span>
     <span class='ocr_line' id='line_1_17' title="bbox 26 1977 1107 2064; baseline -0.003 -22"><span class='ocrx_word' id='word_1_142' title='bbox 26 1981 105 2062; x_wconf 75' lang='grc' dir='ltr'><strong><em>ξῆν,</em></strong></span> <span class='ocrx_word' id='word_1_143' title='bbox 139 1980 394 2064; x_wconf 84' lang='grc' dir='ltr'><strong><em>α’ναφαινομένης</em></strong></span> <span class='ocrx_word' id='word_1_144' title='bbox 413 1982 454 2044; x_wconf 74' lang='lat' dir='ltr'>sn</span> <span class='ocrx_word' id='word_1_145' title='bbox 477 1982 539 2044; x_wconf 73' lang='grc' dir='ltr'><strong><em>τῶν</em></strong></span> <span class='ocrx_word' id='word_1_146' title='bbox 557 1979 744 2064; x_wconf 78' lang='grc' dir='ltr'><strong><em>κρειττόνων</em></strong></span> <span class='ocrx_word' id='word_1_147' title='bbox 762 1977 975 2062; x_wconf 81' lang='grc' dir='ltr'><strong><em>συμβούλων,</em></strong></span> <span class='ocrx_word' id='word_1_148' title='bbox 996 1977 1055 2040; x_wconf 78' lang='grc' dir='ltr'>τοῦ</span> <span class='ocrx_word' id='word_1_149' title='bbox 1073 1995 1107 2042; x_wconf 76' lang='grc' dir='ltr'>’τε</span> 
     </span>
     <span class='ocr_line' id='line_1_18' title="bbox 26 2075 1108 2163; baseline -0.002 -22"><span class='ocrx_word' id='word_1_150' title='bbox 26 2077 164 2161; x_wconf 79' lang='grc' dir='ltr'><strong><em>εροὶρχοο</em></strong></span> <span class='ocrx_word' id='word_1_151' title='bbox 195 2081 280 2163; x_wconf 87' lang='grc' dir='ltr'><strong><em>φασί</em></strong></span> <span class='ocrx_word' id='word_1_152' title='bbox 310 2081 367 2144; x_wconf 80' lang='grc' dir='ltr'>τοῦ</span> <span class='ocrx_word' id='word_1_153' title='bbox 399 2076 479 2143; x_wconf 76' lang='lat' dir='ltr'>sorni</span> <span class='ocrx_word' id='word_1_154' title='bbox 514 2081 659 2143; x_wconf 82' lang='grc' dir='ltr'><strong><em>Σικελίαν</em></strong></span> <span class='ocrx_word' id='word_1_155' title='bbox 680 2076 859 2162; x_wconf 84' lang='grc' dir='ltr'><strong><em>Πανόρμου</em></strong></span> <span class='ocrx_word' id='word_1_156' title='bbox 891 2079 946 2142; x_wconf 88' lang='grc' dir='ltr'>καί</span> <span class='ocrx_word' id='word_1_157' title='bbox 975 2079 1033 2142; x_wconf 79' lang='lat' dir='ltr'>rori</span> <span class='ocrx_word' id='word_1_158' title='bbox 1052 2075 1108 2160; x_wconf 76' lang='grc' dir='ltr'>τῆς</span> 
     </span>
     <span class='ocr_line' id='line_1_19' title="bbox 26 2173 1108 2264; baseline -0.001 -25"><span class='ocrx_word' id='word_1_159' title='bbox 26 2181 114 2242; x_wconf 76' lang='grc' dir='ltr'><strong><em>κεῖσε</em></strong></span> <span class='ocrx_word' id='word_1_160' title='bbox 136 2173 320 2262; x_wconf 78' lang='grc' dir='ltr'><strong><em>Μεσσήνης,</em></strong></span> <span class='ocrx_word' id='word_1_161' title='bbox 343 2177 398 2242; x_wconf 87' lang='grc' dir='ltr'>καί</span> <span class='ocrx_word' id='word_1_162' title='bbox 417 2174 541 2264; x_wconf 78' lang='grc' dir='ltr'><strong><em>ἑτέρων,</em></strong></span> <span class='ocrx_word' id='word_1_163' title='bbox 565 2175 635 2243; x_wconf 80' lang='lat' dir='ltr'>door</span> <span class='ocrx_word' id='word_1_164' title='bbox 662 2177 697 2242; x_wconf 88' lang='grc' dir='ltr'>τό</span> <span class='ocrx_word' id='word_1_165' title='bbox 720 2179 791 2242; x_wconf 79' lang='grc' dir='ltr'><strong><em>δέον</em></strong></span> <span class='ocrx_word' id='word_1_166' title='bbox 811 2175 988 2261; x_wconf 73' lang='grc' dir='ltr'><strong><em>συνεώρων,</em></strong></span> <span class='ocrx_word' id='word_1_167' title='bbox 1013 2175 1108 2258; x_wconf 83' lang='grc' dir='ltr'><strong><em>οἷγχι-</em></strong></span> 
     </span>
     <span class='ocr_line' id='line_1_20' title="bbox 26 2272 1106 2364; baseline 0 -26"><span class='ocrx_word' id='word_1_168' title='bbox 26 2279 100 2351; x_wconf 75' lang='grc' dir='ltr'><strong><em>ιοίας</em></strong></span> <span class='ocrx_word' id='word_1_169' title='bbox 118 2297 152 2340; x_wconf 89' lang='grc' dir='ltr'><strong><em>τε</em></strong></span> <span class='ocrx_word' id='word_1_170' title='bbox 170 2272 299 2364; x_wconf 74' lang='grc' dir='ltr'><strong><em>στάθμῃ</em></strong></span> <span class='ocrx_word' id='word_1_171' title='bbox 325 2277 538 2361; x_wconf 82' lang='grc' dir='ltr'><strong><em>οἶνιορθοῦντες</em></strong></span> <span class='ocrx_word' id='word_1_172' title='bbox 560 2273 695 2354; x_wconf 77' lang='grc' dir='ltr'><strong><em>ἓαντοός</em></strong></span> <span class='ocrx_word' id='word_1_173' title='bbox 722 2279 767 2354; x_wconf 85' lang='grc' dir='ltr'><strong><em>είς</em></strong></span> <span class='ocrx_word' id='word_1_174' title='bbox 788 2275 964 2362; x_wconf 81' lang='grc' dir='ltr'><strong><em>προόρασιν</em></strong></span> <span class='ocrx_word' id='word_1_175' title='bbox 983 2279 1043 2340; x_wconf 73' lang='grc' dir='ltr'>τοῦ</span> <span class='ocrx_word' id='word_1_176' title='bbox 1061 2274 1106 2356; x_wconf 79' lang='grc' dir='ltr'>μὴ</span> 
     </span>
     <span class='ocr_line' id='line_1_21' title="bbox 26 2371 1106 2468; baseline -0.002 -30"><span class='ocrx_word' id='word_1_177' title='bbox 26 2371 57 2438; x_wconf 71' lang='lat' dir='ltr'>is</span> <span class='ocrx_word' id='word_1_178' title='bbox 84 2377 200 2454; x_wconf 78' lang='grc' dir='ltr'><strong><em>ἕξεῖναι</em></strong></span> <span class='ocrx_word' id='word_1_179' title='bbox 228 2373 283 2440; x_wconf 89' lang='grc' dir='ltr'><strong><em>τόν</em></strong></span> <span class='ocrx_word' id='word_1_180' title='bbox 302 2377 431 2441; x_wconf 78' lang='grc' dir='ltr'><strong><em>Σικελόν</em></strong></span> <span class='ocrx_word' id='word_1_181' title='bbox 461 2376 580 2462; x_wconf 80' lang='grc' dir='ltr'><strong><em>ιιόμνμα</em></strong></span> <span class='ocrx_word' id='word_1_182' title='bbox 611 2380 656 2452; x_wconf 81' lang='grc' dir='ltr'><strong><em>εἰς</em></strong></span> <span class='ocrx_word' id='word_1_183' title='bbox 677 2375 826 2459; x_wconf 80' lang='grc' dir='ltr'><strong><em>κοσμικόν</em></strong></span> <span class='ocrx_word' id='word_1_184' title='bbox 847 2374 1106 2468; x_wconf 72' lang='grc' dir='ltr'><strong><em>ἐγγραφήσεσθαι</em></strong></span> 
     </span>
    </p>
   </div>
   <div class='ocr_carea' id='block_1_3' title="bbox 26 2467 1107 2763">
    <p class='ocr_par' dir='ltr' id='par_1_3' title="bbox 26 2467 1107 2763">
     <span class='ocr_line' id='line_1_22' title="bbox 26 2467 1107 2564; baseline 0.001 -27"><span class='ocrx_word' id='word_1_185' title='bbox 26 2477 165 2556; x_wconf 61' lang='grc' dir='ltr'><strong><em>Βασιλέα,</em></strong></span> <span class='ocrx_word' id='word_1_186' title='bbox 187 2467 223 2547; x_wconf 81' lang='grc' dir='ltr'>ός</span> <span class='ocrx_word' id='word_1_187' title='bbox 251 2497 329 2540; x_wconf 83' lang='grc' dir='ltr'><strong><em>ποτε</em></strong></span> <span class='ocrx_word' id='word_1_188' title='bbox 347 2477 388 2564; x_wconf 81' lang='grc' dir='ltr'>τῇ</span> <span class='ocrx_word' id='word_1_189' title='bbox 411 2477 743 2543; x_wconf 83' lang='grc' dir='ltr'><strong><em>Κωνσταντινοιινιόλει</em></strong></span> <span class='ocrx_word' id='word_1_190' title='bbox 770 2478 846 2557; x_wconf 68' lang='lat' dir='ltr'>dori}</span> <span class='ocrx_word' id='word_1_191' title='bbox 876 2477 1031 2556; x_wconf 67' lang='lat' dir='ltr'>inlustro,</span> <span class='ocrx_word' id='word_1_192' title='bbox 1051 2477 1107 2538; x_wconf 88' lang='grc' dir='ltr'>καί</span> 
     </span>
     <span class='ocr_line' id='line_1_23' title="bbox 26 2566 1102 2663; baseline 0.004 -29"><span class='ocrx_word' id='word_1_193' title='bbox 26 2571 49 2638; x_wconf 82' lang='lat' dir='ltr'>:ri</span> <span class='ocrx_word' id='word_1_194' title='bbox 73 2576 156 2660; x_wconf 75' lang='grc' dir='ltr'>μηδὲ</span> <span class='ocrx_word' id='word_1_195' title='bbox 185 2566 225 2638; x_wconf 75' lang='lat' dir='ltr'>sal</span> <span class='ocrx_word' id='word_1_196' title='bbox 244 2571 330 2656; x_wconf 75' lang='grc' dir='ltr'><strong><em>ἔχειν</em></strong></span> <span class='ocrx_word' id='word_1_197' title='bbox 348 2573 442 2662; x_wconf 84' lang='grc' dir='ltr'><strong><em>λόγον</em></strong></span> <span class='ocrx_word' id='word_1_198' title='bbox 474 2576 533 2661; x_wconf 76' lang='grc' dir='ltr'><strong><em>τήν</em></strong></span> <span class='ocrx_word' id='word_1_199' title='bbox 553 2579 608 2663; x_wconf 74' lang='grc' dir='ltr'>τῆς</span> <span class='ocrx_word' id='word_1_200' title='bbox 631 2579 739 2662; x_wconf 84' lang='grc' dir='ltr'><strong><em>μα’χης</em></strong></span> <span class='ocrx_word' id='word_1_201' title='bbox 764 2577 939 2663; x_wconf 82' lang='grc' dir='ltr'><strong><em>πρόφασιν.</em></strong></span> <span class='ocrx_word' id='word_1_202' title='bbox 980 2577 1011 2642; x_wconf 87' lang='grc' dir='ltr'>τί</span> <span class='ocrx_word' id='word_1_203' title='bbox 1029 2575 1102 2658; x_wconf 79' lang='grc' dir='ltr'><strong><em>γάρ,</em></strong></span> 
     </span>
     <span class='ocr_line' id='line_1_24' title="bbox 26 2671 1104 2763; baseline 0.001 -23"><span class='ocrx_word' id='word_1_204' title='bbox 26 2671 98 2758; x_wconf 80' lang='grc' dir='ltr'><strong><em>ἴαερ</em></strong></span> <span class='ocrx_word' id='word_1_205' title='bbox 121 2671 216 2761; x_wconf 65' lang='lat' dir='ltr'>daria</span> <span class='ocrx_word' id='word_1_206' title='bbox 238 2674 571 2743; x_wconf 79' lang='grc' dir='ltr'><strong><em>Κωνσταντινοόαελιν</em></strong></span> <span class='ocrx_word' id='word_1_207' title='bbox 592 2679 710 2744; x_wconf 82' lang='grc' dir='ltr'><strong><em>διέπων</em></strong></span> <span class='ocrx_word' id='word_1_208' title='bbox 728 2675 937 2763; x_wconf 75' lang='grc' dir='ltr'><strong><em>ἐξαμαρτάνοι</em></strong></span> <span class='ocrx_word' id='word_1_209' title='bbox 960 2675 1104 2763; x_wconf 75' lang='lat' dir='ltr'>poardus</span> 
     </span>
    </p>
   </div>
   <div class='ocr_carea' id='block_1_4' title="bbox 84 2833 274 2930">
    <p class='ocr_par' dir='ltr' id='par_1_4' title="bbox 84 2833 274 2930">
     <span class='ocr_line' id='line_1_25' title="bbox 84 2833 274 2930; baseline -0.021 -13"><span class='ocrx_word' id='word_1_210' title='bbox 84 2844 126 2896; x_wconf 89' lang='lat'>¹⁵·</span> <span class='ocrx_word' id='word_1_211' title='bbox 144 2833 197 2918; x_wconf 74' lang='lat' dir='ltr'>ai}</span> <span class='ocrx_word' id='word_1_212' title='bbox 218 2837 274 2930; x_wconf 70' lang='lat' dir='ltr'>tt?</span> 
     </span>
    </p>
   </div>
   <div class='ocr_carea' id='block_1_5' title="bbox 26 3004 1102 4285">
    <p class='ocr_par' dir='ltr' id='par_1_5' title="bbox 26 3004 1102 4285">
     <span class='ocr_line' id='line_1_26' title="bbox 26 3004 1096 3061; baseline 0.005 -5"><span class='ocrx_word' id='word_1_213' title='bbox 26 3004 111 3056; x_wconf 80' lang='lat' dir='ltr'>sentis</span> <span class='ocrx_word' id='word_1_214' title='bbox 133 3021 161 3056; x_wconf 88' lang='lat' dir='ltr'>se</span> <span class='ocrx_word' id='word_1_215' title='bbox 178 3004 213 3056; x_wconf 88' lang='lat' dir='ltr'>ad</span> <span class='ocrx_word' id='word_1_216' title='bbox 231 3004 311 3057; x_wconf 82' lang='lat' dir='ltr'>tidem</span> <span class='ocrx_word' id='word_1_217' title='bbox 326 3005 527 3058; x_wconf 75' lang='lat' dir='ltr'>obstrinxerant</span> <span class='ocrx_word' id='word_1_218' title='bbox 548 3007 668 3060; x_wconf 81' lang='lat' dir='ltr'>ltltnueli</span> <span class='ocrx_word' id='word_1_219' title='bbox 686 3015 714 3060; x_wconf 89' lang='lat' dir='ltr'>et</span> <span class='ocrx_word' id='word_1_220' title='bbox 732 3007 825 3060; x_wconf 87' lang='lat' dir='ltr'>heredi</span> <span class='ocrx_word' id='word_1_221' title='bbox 844 3007 902 3060; x_wconf 85' lang='lat' dir='ltr'>eius</span> <span class='ocrx_word' id='word_1_222' title='bbox 919 3007 1026 3060; x_wconf 79' lang='lat' dir='ltr'>Alexio.</span> <span class='ocrx_word' id='word_1_223' title='bbox 1046 3009 1096 3061; x_wconf 91' lang='lat' dir='ltr'>du-</span> 
     </span>
     <span class='ocr_line' id='line_1_27' title="bbox 26 3075 1099 3148; baseline -0.002 -18"><span class='ocrx_word' id='word_1_224' title='bbox 26 3085 69 3130; x_wconf 84' lang='lat' dir='ltr'>tus</span> <span class='ocrx_word' id='word_1_225' title='bbox 89 3075 170 3144; x_wconf 80' lang='lat' dir='ltr'>igitur</span> <span class='ocrx_word' id='word_1_226' title='bbox 188 3084 230 3128; x_wconf 87' lang='lat' dir='ltr'>est</span> <span class='ocrx_word' id='word_1_227' title='bbox 246 3079 326 3129; x_wconf 85' lang='lat' dir='ltr'>etiam</span> <span class='ocrx_word' id='word_1_228' title='bbox 348 3076 382 3128; x_wconf 89' lang='lat' dir='ltr'>ad</span> <span class='ocrx_word' id='word_1_229' title='bbox 400 3093 487 3145; x_wconf 83' lang='lat' dir='ltr'>regem</span> <span class='ocrx_word' id='word_1_230' title='bbox 516 3078 667 3129; x_wconf 85' lang='lat' dir='ltr'>Siculorum</span> <span class='ocrx_word' id='word_1_231' title='bbox 693 3077 854 3130; x_wconf 87' lang='lat' dir='ltr'>subditicius</span> <span class='ocrx_word' id='word_1_232' title='bbox 874 3079 922 3129; x_wconf 87' lang='lat' dir='ltr'>ills</span> <span class='ocrx_word' id='word_1_233' title='bbox 943 3080 1099 3148; x_wconf 83' lang='lat' dir='ltr'>imperator.</span> 
     </span>
     <span class='ocr_line' id='line_1_28' title="bbox 26 3145 1101 3220; baseline 0.001 -20"><span class='ocrx_word' id='word_1_234' title='bbox 26 3163 40 3200; x_wconf 81' lang='lat' dir='ltr'>o</span> <span class='ocrx_word' id='word_1_235' title='bbox 61 3145 262 3214; x_wconf 77' lang='lat' dir='ltr'>redarguebant</span> <span class='ocrx_word' id='word_1_236' title='bbox 291 3147 401 3217; x_wconf 87' lang='lat' dir='ltr'>quidem</span> <span class='ocrx_word' id='word_1_237' title='bbox 419 3149 529 3200; x_wconf 81' lang='lat' dir='ltr'>Alesios</span> <span class='ocrx_word' id='word_1_238' title='bbox 554 3149 715 3210; x_wconf 87' lang='lat' dir='ltr'>Comoenus,</span> <span class='ocrx_word' id='word_1_239' title='bbox 734 3151 781 3220; x_wconf 86' lang='lat' dir='ltr'>qui</span> <span class='ocrx_word' id='word_1_240' title='bbox 801 3149 921 3202; x_wconf 85' lang='lat' dir='ltr'>Siculum</span> <span class='ocrx_word' id='word_1_241' title='bbox 941 3150 1101 3212; x_wconf 80' lang='lat' dir='ltr'>irritaverat,</span> 
     </span>
     <span class='ocr_line' id='line_1_29' title="bbox 26 3218 1100 3288; baseline 0.004 -20"><span class='ocrx_word' id='word_1_242' title='bbox 26 3227 37 3269; x_wconf 93' lang='lat' dir='ltr'>t</span> <span class='ocrx_word' id='word_1_243' title='bbox 57 3218 88 3280; x_wconf 88' lang='lat' dir='ltr'>ii,</span> <span class='ocrx_word' id='word_1_244' title='bbox 108 3219 156 3286; x_wconf 88' lang='lat' dir='ltr'>qui</span> <span class='ocrx_word' id='word_1_245' title='bbox 175 3234 237 3269; x_wconf 84' lang='lat' dir='ltr'>eum</span> <span class='ocrx_word' id='word_1_246' title='bbox 253 3220 444 3288; x_wconf 72' lang='lat' dir='ltr'>sequebantur,</span> <span class='ocrx_word' id='word_1_247' title='bbox 465 3235 577 3288; x_wconf 89' lang='lat' dir='ltr'>puerum</span> <span class='ocrx_word' id='word_1_248' title='bbox 600 3220 680 3272; x_wconf 86' lang='lat' dir='ltr'>istum</span> <span class='ocrx_word' id='word_1_249' title='bbox 699 3227 842 3288; x_wconf 74' lang='lat' dir='ltr'>agreste1u5</span> <span class='ocrx_word' id='word_1_250' title='bbox 861 3219 909 3271; x_wconf 90' lang='lat' dir='ltr'>sed</span> <span class='ocrx_word' id='word_1_251' title='bbox 931 3221 978 3288; x_wconf 91' lang='lat' dir='ltr'>qui</span> <span class='ocrx_word' id='word_1_252' title='bbox 999 3237 1014 3271; x_wconf 88' lang='lat' dir='ltr'>e</span> <span class='ocrx_word' id='word_1_253' title='bbox 1035 3235 1100 3288; x_wconf 82' lang='lat' dir='ltr'>geu-</span> 
     </span>
     <span class='ocr_line' id='line_1_30' title="bbox 26 3287 1101 3360; baseline 0.003 -20"><span class='ocrx_word' id='word_1_254' title='bbox 26 3287 84 3340; x_wconf 87' lang='lat' dir='ltr'>ibus</span> <span class='ocrx_word' id='word_1_255' title='bbox 103 3297 197 3352; x_wconf 88' lang='lat' dir='ltr'>erant,</span> <span class='ocrx_word' id='word_1_256' title='bbox 214 3291 333 3360; x_wconf 83' lang='lat' dir='ltr'>perbene</span> <span class='ocrx_word' id='word_1_257' title='bbox 356 3299 384 3342; x_wconf 87' lang='lat' dir='ltr'>et</span> <span class='ocrx_word' id='word_1_258' title='bbox 400 3298 473 3340; x_wconf 85' lang='lat' dir='ltr'>certo</span> <span class='ocrx_word' id='word_1_259' title='bbox 493 3307 572 3342; x_wconf 89' lang='lat' dir='ltr'>nosse</span> <span class='ocrx_word' id='word_1_260' title='bbox 596 3307 624 3342; x_wconf 86' lang='lat' dir='ltr'>se</span> <span class='ocrx_word' id='word_1_261' title='bbox 643 3289 816 3352; x_wconf 83' lang='lat' dir='ltr'>affirmabant,</span> <span class='ocrx_word' id='word_1_262' title='bbox 839 3291 925 3342; x_wconf 82' lang='lat' dir='ltr'>fllium</span> <span class='ocrx_word' id='word_1_263' title='bbox 945 3290 1022 3342; x_wconf 84' lang='lat' dir='ltr'>illuns</span> <span class='ocrx_word' id='word_1_264' title='bbox 1041 3291 1101 3343; x_wconf 82' lang='lat' dir='ltr'>lila-</span> 
     </span>
     <span class='ocr_line' id='line_1_31' title="bbox 28 3359 1099 3432; baseline 0.003 -22"><span class='ocrx_word' id='word_1_265' title='bbox 28 3359 101 3411; x_wconf 83' lang='lat' dir='ltr'>uslis</span> <span class='ocrx_word' id='word_1_266' title='bbox 119 3375 186 3423; x_wconf 83' lang='lat' dir='ltr'>esse,</span> <span class='ocrx_word' id='word_1_267' title='bbox 204 3378 253 3430; x_wconf 88' lang='lat' dir='ltr'>pro</span> <span class='ocrx_word' id='word_1_268' title='bbox 273 3379 327 3432; x_wconf 94' lang='lat' dir='ltr'>quo</span> <span class='ocrx_word' id='word_1_269' title='bbox 338 3361 418 3412; x_wconf 86' lang='lat' dir='ltr'>etiarn</span> <span class='ocrx_word' id='word_1_270' title='bbox 434 3369 548 3412; x_wconf 86' lang='lat' dir='ltr'>mortem</span> <span class='ocrx_word' id='word_1_271' title='bbox 563 3363 713 3432; x_wconf 84' lang='lat' dir='ltr'>oppetituri</span> <span class='ocrx_word' id='word_1_272' title='bbox 731 3370 830 3414; x_wconf 86' lang='lat' dir='ltr'>essent.</span> <span class='ocrx_word' id='word_1_273' title='bbox 867 3369 1004 3430; x_wconf 83' lang='lat' dir='ltr'>postremo</span> <span class='ocrx_word' id='word_1_274' title='bbox 1023 3361 1099 3413; x_wconf 90' lang='lat' dir='ltr'>Sicu-</span> 
     </span>
     <span class='ocr_line' id='line_1_32' title="bbox 26 3430 1099 3504; baseline 0.002 -22"><span class='ocrx_word' id='word_1_275' title='bbox 26 3447 61 3493; x_wconf 82' lang='lat' dir='ltr'>as,</span> <span class='ocrx_word' id='word_1_276' title='bbox 82 3431 188 3482; x_wconf 85' lang='lat' dir='ltr'>etiamsi</span> <span class='ocrx_word' id='word_1_277' title='bbox 207 3439 389 3502; x_wconf 75' lang='lat' dir='ltr'>perspexerat,</span> <span class='ocrx_word' id='word_1_278' title='bbox 408 3439 439 3483; x_wconf 92' lang='lat' dir='ltr'>ut</span> <span class='ocrx_word' id='word_1_279' title='bbox 451 3433 550 3493; x_wconf 87' lang='lat' dir='ltr'>serunt,</span> <span class='ocrx_word' id='word_1_280' title='bbox 569 3449 671 3495; x_wconf 84' lang='lat' dir='ltr'>verum,</span> <span class='ocrx_word' id='word_1_281' title='bbox 690 3440 779 3484; x_wconf 85' lang='lat' dir='ltr'>tamen</span> <span class='ocrx_word' id='word_1_282' title='bbox 797 3449 872 3483; x_wconf 86' lang='lat' dir='ltr'>suam</span> <span class='ocrx_word' id='word_1_283' title='bbox 892 3430 944 3484; x_wconf 91' lang='lat' dir='ltr'>sibi</span> <span class='ocrx_word' id='word_1_284' title='bbox 961 3433 1099 3504; x_wconf 82' lang='lat' dir='ltr'>propriam</span> 
     </span>
     <span class='ocr_line' id='line_1_33' title="bbox 28 3500 1100 3573; baseline 0.003 -21"><span class='ocrx_word' id='word_1_285' title='bbox 28 3501 91 3555; x_wconf 86' lang='lat' dir='ltr'>dem</span> <span class='ocrx_word' id='word_1_286' title='bbox 111 3500 224 3566; x_wconf 80' lang='lat' dir='ltr'>habens,</span> <span class='ocrx_word' id='word_1_287' title='bbox 243 3512 272 3555; x_wconf 89' lang='lat' dir='ltr'>et</span> <span class='ocrx_word' id='word_1_288' title='bbox 290 3503 352 3554; x_wconf 89' lang='lat' dir='ltr'>solii</span> <span class='ocrx_word' id='word_1_289' title='bbox 371 3501 509 3573; x_wconf 86' lang='lat' dir='ltr'>Cpoh’tani</span> <span class='ocrx_word' id='word_1_290' title='bbox 530 3502 679 3572; x_wconf 82' lang='lat' dir='ltr'>cupiditate</span> <span class='ocrx_word' id='word_1_291' title='bbox 702 3505 836 3566; x_wconf 82' lang='lat' dir='ltr'>incensus,</span> <span class='ocrx_word' id='word_1_292' title='bbox 854 3503 1030 3573; x_wconf 76' lang='lat' dir='ltr'>provinciales</span> <span class='ocrx_word' id='word_1_293' title='bbox 1051 3519 1100 3555; x_wconf 84' lang='lat' dir='ltr'>su-</span> 
     </span>
     <span class='ocr_line' id='line_1_34' title="bbox 26 3573 1100 3644; baseline 0 -19"><span class='ocrx_word' id='word_1_294' title='bbox 26 3589 63 3625; x_wconf 82' lang='lat' dir='ltr'>sm</span> <span class='ocrx_word' id='word_1_295' title='bbox 84 3573 251 3642; x_wconf 86' lang='lat' dir='ltr'>imperatoris</span> <span class='ocrx_word' id='word_1_296' title='bbox 280 3573 369 3626; x_wconf 81' lang='lat' dir='ltr'>Alexii</span> <span class='ocrx_word' id='word_1_297' title='bbox 396 3575 474 3644; x_wconf 87' lang='lat' dir='ltr'>quasi</span> <span class='ocrx_word' id='word_1_298' title='bbox 496 3581 631 3644; x_wconf 74' lang='lat' dir='ltr'>spectrum</span> <span class='ocrx_word' id='word_1_299' title='bbox 659 3577 750 3626; x_wconf 87' lang='lat' dir='ltr'>animo</span> <span class='ocrx_word' id='word_1_300' title='bbox 769 3576 854 3626; x_wconf 87' lang='lat' dir='ltr'>secuti</span> <span class='ocrx_word' id='word_1_301' title='bbox 873 3575 996 3643; x_wconf 83' lang='lat' dir='ltr'>(puerum</span> <span class='ocrx_word' id='word_1_302' title='bbox 1018 3575 1100 3636; x_wconf 87' lang='lat' dir='ltr'>enim,</span> 
     </span>
     <span class='ocr_line' id='line_1_35' title="bbox 27 3643 1100 3716; baseline 0.001 -21"><span class='ocrx_word' id='word_1_303' title='bbox 27 3661 43 3695; x_wconf 86' lang='lat' dir='ltr'>e</span> <span class='ocrx_word' id='word_1_304' title='bbox 62 3659 118 3712; x_wconf 86' lang='lat' dir='ltr'>quo</span> <span class='ocrx_word' id='word_1_305' title='bbox 137 3643 272 3709; x_wconf 78' lang='lat' dir='ltr'>diximus,</span> <span class='ocrx_word' id='word_1_306' title='bbox 289 3645 480 3697; x_wconf 39' lang='lat' dir='ltr'>Siciliavteuct</span> <span class='ocrx_word' id='word_1_307' title='bbox 498 3645 610 3712; x_wconf 81' lang='lat' dir='ltr'>originis</span> <span class='ocrx_word' id='word_1_308' title='bbox 629 3647 743 3697; x_wconf 85' lang='lat' dir='ltr'>rusticae</span> <span class='ocrx_word' id='word_1_309' title='bbox 771 3645 933 3716; x_wconf 81' lang='lat' dir='ltr'>convictum)</span> <span class='ocrx_word' id='word_1_310' title='bbox 951 3653 1100 3714; x_wconf 85' lang='lat' dir='ltr'>spectrum·</span> 
     </span>
     <span class='ocr_line' id='line_1_36' title="bbox 28 3714 1098 3786; baseline 0.002 -22"><span class='ocrx_word' id='word_1_311' title='bbox 28 3731 63 3765; x_wconf 86' lang='lat' dir='ltr'>ue</span> <span class='ocrx_word' id='word_1_312' title='bbox 83 3714 113 3764; x_wconf 93' lang='lat' dir='ltr'>id</span> <span class='ocrx_word' id='word_1_313' title='bbox 131 3715 235 3767; x_wconf 83' lang='lat' dir='ltr'>civitati</span> <span class='ocrx_word' id='word_1_314' title='bbox 253 3715 414 3785; x_wconf 83' lang='lat' dir='ltr'>Cpolitanae</span> <span class='ocrx_word' id='word_1_315' title='bbox 431 3733 480 3786; x_wconf 89' lang='lat' dir='ltr'>pro</span> <span class='ocrx_word' id='word_1_316' title='bbox 507 3717 671 3784; x_wconf 84' lang='lat' dir='ltr'>imperatore</span> <span class='ocrx_word' id='word_1_317' title='bbox 693 3715 842 3768; x_wconf 79' lang='lat' dir='ltr'>obtrudere</span> <span class='ocrx_word' id='word_1_318' title='bbox 864 3717 1019 3783; x_wconf 75' lang='lat' dir='ltr'>gestientes,</span> <span class='ocrx_word' id='word_1_319' title='bbox 1036 3715 1098 3767; x_wconf 86' lang='lat' dir='ltr'>bel·</span> 
     </span>
     <span class='ocr_line' id='line_1_37' title="bbox 26 3784 1102 3856; baseline 0.002 -21"><span class='ocrx_word' id='word_1_320' title='bbox 26 3803 66 3835; x_wconf 84' lang='lat' dir='ltr'>aru</span> <span class='ocrx_word' id='word_1_321' title='bbox 94 3784 220 3837; x_wconf 81' lang='lat' dir='ltr'>adversus</span> <span class='ocrx_word' id='word_1_322' title='bbox 248 3805 297 3837; x_wconf 85' lang='lat' dir='ltr'>nos</span> <span class='ocrx_word' id='word_1_323' title='bbox 326 3803 420 3855; x_wconf 80' lang='lat' dir='ltr'>magna</span> <span class='ocrx_word' id='word_1_324' title='bbox 447 3789 587 3838; x_wconf 82' lang='lat' dir='ltr'>alacritate</span> <span class='ocrx_word' id='word_1_325' title='bbox 613 3789 735 3849; x_wconf 82' lang='lat' dir='ltr'>movent,</span> <span class='ocrx_word' id='word_1_326' title='bbox 756 3785 913 3856; x_wconf 86' lang='lat' dir='ltr'>etquidem</span> <span class='ocrx_word' id='word_1_327' title='bbox 934 3787 1044 3838; x_wconf 86' lang='lat' dir='ltr'>minime</span> <span class='ocrx_word' id='word_1_328' title='bbox 1062 3787 1102 3844; x_wconf 82' lang='lat' dir='ltr'>its</span> 
     </span>
     <span class='ocr_line' id='line_1_38' title="bbox 27 3855 1100 3928; baseline 0.002 -22"><span class='ocrx_word' id='word_1_329' title='bbox 27 3855 119 3918; x_wconf 79' lang='lat' dir='ltr'>eriles,</span> <span class='ocrx_word' id='word_1_330' title='bbox 137 3865 169 3908; x_wconf 87' lang='lat' dir='ltr'>ut</span> <span class='ocrx_word' id='word_1_331' title='bbox 186 3855 302 3918; x_wconf 84' lang='lat' dir='ltr'>licebat,</span> <span class='ocrx_word' id='word_1_332' title='bbox 331 3876 383 3908; x_wconf 89' lang='lat' dir='ltr'>rem</span> <span class='ocrx_word' id='word_1_333' title='bbox 402 3856 613 3928; x_wconf 83' lang='lat' dir='ltr'>impedientibus</span> <span class='ocrx_word' id='word_1_334' title='bbox 638 3857 771 3927; x_wconf 86' lang='lat' dir='ltr'>primariis</span> <span class='ocrx_word' id='word_1_335' title='bbox 791 3855 953 3918; x_wconf 83' lang='lat' dir='ltr'>auctoribus,</span> <span class='ocrx_word' id='word_1_336' title='bbox 971 3857 1100 3926; x_wconf 86' lang='lat' dir='ltr'>pontifico</span> 
     </span>
     <span class='ocr_line' id='line_1_39' title="bbox 26 3927 1099 4000; baseline 0 -22"><span class='ocrx_word' id='word_1_337' title='bbox 26 3939 133 3979; x_wconf 58' lang='lat' dir='ltr'>‘romano</span> <span class='ocrx_word' id='word_1_338' title='bbox 149 3938 177 3980; x_wconf 89' lang='lat' dir='ltr'>et</span> <span class='ocrx_word' id='word_1_339' title='bbox 196 3929 321 4000; x_wconf 86' lang='lat' dir='ltr'>praesule</span> <span class='ocrx_word' id='word_1_340' title='bbox 336 3929 555 3991; x_wconf 82' lang='lat' dir='ltr'>Panormitamm,</span> <span class='ocrx_word' id='word_1_341' title='bbox 574 3929 776 3990; x_wconf 75' lang='lat' dir='ltr'>Messapiorum,</span> <span class='ocrx_word' id='word_1_342' title='bbox 796 3929 866 3988; x_wconf 88' lang='lat' dir='ltr'>aliis,</span> <span class='ocrx_word' id='word_1_343' title='bbox 887 3927 936 3998; x_wconf 85' lang='lat' dir='ltr'>qui</span> <span class='ocrx_word' id='word_1_344' title='bbox 951 3945 1042 3979; x_wconf 84' lang='lat' dir='ltr'>verum</span> <span class='ocrx_word' id='word_1_345' title='bbox 1056 3929 1099 3979; x_wconf 84' lang='lat' dir='ltr'>vi-</span> 
     </span>
     <span class='ocr_line' id='line_1_40' title="bbox 28 3998 1100 4069; baseline -0.003 -19"><span class='ocrx_word' id='word_1_346' title='bbox 28 4005 119 4060; x_wconf 86' lang='lat' dir='ltr'>ereut,</span> <span class='ocrx_word' id='word_1_347' title='bbox 138 4006 222 4069; x_wconf 81' lang='lat' dir='ltr'>atquo</span> <span class='ocrx_word' id='word_1_348' title='bbox 241 4008 332 4052; x_wconf 86' lang='lat' dir='ltr'>mente</span> <span class='ocrx_word' id='word_1_349' title='bbox 352 3998 386 4052; x_wconf 82' lang='lat' dir='ltr'>ad</span> <span class='ocrx_word' id='word_1_350' title='bbox 413 4017 532 4052; x_wconf 83' lang='lat' dir='ltr'>normam</span> <span class='ocrx_word' id='word_1_351' title='bbox 554 4001 665 4052; x_wconf 86' lang='lat' dir='ltr'>rationis</span> <span class='ocrx_word' id='word_1_352' title='bbox 682 3999 784 4052; x_wconf 84' lang='lat' dir='ltr'>directa</span> <span class='ocrx_word' id='word_1_353' title='bbox 802 3998 995 4068; x_wconf 81' lang='lat' dir='ltr'>intelligerent,</span> <span class='ocrx_word' id='word_1_354' title='bbox 1013 3999 1100 4050; x_wconf 87' lang='lat' dir='ltr'>corni-</span> 
     </span>
     <span class='ocr_line' id='line_1_41' title="bbox 26 4068 1099 4141; baseline 0 -19"><span class='ocrx_word' id='word_1_355' title='bbox 26 4088 64 4122; x_wconf 79' lang='grc' dir='ltr'>εστ</span> <span class='ocrx_word' id='word_1_356' title='bbox 83 4070 223 4135; x_wconf 88' lang='lat' dir='ltr'>Siculum,</span> <span class='ocrx_word' id='word_1_357' title='bbox 236 4072 291 4141; x_wconf 73' lang='lat' dir='ltr'>³qui</span> <span class='ocrx_word' id='word_1_358' title='bbox 320 4069 455 4141; x_wconf 87' lang='lat' dir='ltr'>quondam</span> <span class='ocrx_word' id='word_1_359' title='bbox 476 4069 531 4122; x_wconf 85' lang='lat' dir='ltr'>dux</span> <span class='ocrx_word' id='word_1_360' title='bbox 548 4070 644 4123; x_wconf 82' lang='lat' dir='ltr'>luisset</span> <span class='ocrx_word' id='word_1_361' title='bbox 663 4070 740 4140; x_wconf 85' lang='lat' dir='ltr'>Cpoli</span> <span class='ocrx_word' id='word_1_362' title='bbox 760 4068 907 4131; x_wconf 87' lang='lat' dir='ltr'>subiectus,</span> <span class='ocrx_word' id='word_1_363' title='bbox 928 4086 985 4121; x_wconf 91' lang='lat' dir='ltr'>uon</span> <span class='ocrx_word' id='word_1_364' title='bbox 998 4068 1099 4122; x_wconf 83' lang='lat' dir='ltr'>debers</span> 
     </span>
     <span class='ocr_line' id='line_1_42' title="bbox 26 4139 1100 4212; baseline -0.002 -20"><span class='ocrx_word' id='word_1_365' title='bbox 26 4141 43 4193; x_wconf 91' lang='lat' dir='ltr'>d</span> <span class='ocrx_word' id='word_1_366' title='bbox 62 4141 206 4212; x_wconf 84' lang='lat' dir='ltr'>imperinm</span> <span class='ocrx_word' id='word_1_367' title='bbox 232 4141 384 4212; x_wconf 83' lang='lat' dir='ltr'>promoveri</span> <span class='ocrx_word' id='word_1_368' title='bbox 404 4143 573 4206; x_wconf 87' lang='lat' dir='ltr'>universum,</span> <span class='ocrx_word' id='word_1_369' title='bbox 591 4159 622 4193; x_wconf 86' lang='lat' dir='ltr'>ac</span> <span class='ocrx_word' id='word_1_370' title='bbox 640 4159 675 4194; x_wconf 89' lang='lat' dir='ltr'>ue</span> <span class='ocrx_word' id='word_1_371' title='bbox 697 4144 794 4193; x_wconf 85' lang='lat' dir='ltr'>iustam</span> <span class='ocrx_word' id='word_1_372' title='bbox 812 4139 922 4210; x_wconf 87' lang='lat' dir='ltr'>quidem</span> <span class='ocrx_word' id='word_1_373' title='bbox 941 4155 1007 4202; x_wconf 85' lang='lat' dir='ltr'>esse,</span> <span class='ocrx_word' id='word_1_374' title='bbox 1028 4155 1100 4210; x_wconf 85' lang='lat' dir='ltr'>quse</span> 
     </span>
     <span class='ocr_line' id='line_1_43' title="bbox 28 4209 1100 4285; baseline -0.001 -21"><span class='ocrx_word' id='word_1_375' title='bbox 28 4212 241 4278; x_wconf 65' lang='lat' dir='ltr'>raetcaderetuu</span> <span class='ocrx_word' id='word_1_376' title='bbox 261 4229 367 4264; x_wconf 83' lang='lat' dir='ltr'>causam</span> <span class='ocrx_word' id='word_1_377' title='bbox 386 4213 461 4266; x_wconf 83' lang='lat' dir='ltr'>belli.</span> <span class='ocrx_word' id='word_1_378' title='bbox 480 4212 545 4285; x_wconf 89' lang='lat' dir='ltr'>quid</span> <span class='ocrx_word' id='word_1_379' title='bbox 565 4213 658 4266; x_wconf 85' lang='lat' dir='ltr'>enim?</span> <span class='ocrx_word' id='word_1_380' title='bbox 689 4214 715 4265; x_wconf 88' lang='lat' dir='ltr'>si</span> <span class='ocrx_word' id='word_1_381' title='bbox 736 4213 768 4276; x_wconf 87' lang='lat' dir='ltr'>is,</span> <span class='ocrx_word' id='word_1_382' title='bbox 788 4211 835 4284; x_wconf 87' lang='lat' dir='ltr'>qui</span> <span class='ocrx_word' id='word_1_383' title='bbox 856 4210 965 4282; x_wconf 60' lang='lat' dir='ltr'>Cpffim</span> <span class='ocrx_word' id='word_1_384' title='bbox 984 4209 1100 4264; x_wconf 77' lang='lat' dir='ltr'>admini-</span> 
     </span>
    </p>
   </div>
   <div class='ocr_carea' id='block_1_6' title="bbox 0 0 1418 4868">
    <p class='ocr_par' dir='ltr' id='par_1_6' title="bbox 0 0 1418 4868">
     <span class='ocr_line' id='line_1_44' title="bbox 0 0 1418 4868; baseline 0 1"><span class='ocrx_word' id='word_1_385' title='bbox 0 0 1418 4868; x_wconf 95' lang='lat' dir='ltr'> </span> 
     </span>
    </p>
   </div>
  </div>
 </body>
</html>
