2888 4860
451 313 824 382 cllttou'otlutenm.
1113 307 1180 377 171

406 466 581 541 Ἀριέμιοςό
601 473 650 524 καί
664 467 857 530 Ἀναστάσιος.
912 491 915 500 ’

161 585 332 668 Ἀρτὲμιος
354 581 372 647 ό
394 591 449 650 καί
467 586 673 662 Ἀναστόσιος
692 585 898 669 ἐβασίλευσεν
910 583 966 669 ε”τη
980 585 1049 665 δύο,
1070 584 1263 667 tortu-„cvr”

80 695 176 762 ῐαῐθς
202 675 267 749 ⁰3⁹·
309 682 344 758 ὃς
364 687 554 770 προεβάλετο
574 687 767 772 στρατηγούς
790 687 834 763 είς
851 709 885 752 τε
904 683 942 749 τά
965 679 1184 766 καβαλλαρικά

80 788 210 864 θέματα
238 786 295 849 καί
320 786 366 858 εἰς
408 785 445 849 τά
465 787 610 850 πολιτικοὶ
640 790 847 872 λογιωτάτους
877 787 934 849 καί
961 782 1185 864 ἱκανωτάτους,

53 881 164 950 αῶστε
186 885 225 948 τό
249 881 391 948 πολιτικά
413 886 448 949 ἕν
470 885 560 974 άδείρι
578 892 687 951 τελεῖν.
711 877 803 962 οὗτος
826 882 992 971 Θεόδωρον
1015 879 1186 964 καίΓεοόρ·

80 1009 151 1068 γιον
169 981 246 1058 τούς
275 987 460 1068 πατρικίους
489 985 696 1071 ἑκτυφλαόσας
726 984 877 1072 ἐξώρισεν
901 986 935 1050 ἐν
961 983 1185 1070 Θεσσαλονίκη.

82 1089 148 1148 ταῖν
169 1086 206 1148 δὲ
225 1083 369 1166 Ἀράβων
390 1081 605 1165 ὁπλιζομένων
632 1083 712 1152 κατά
730 1084 909 1166 Ῥωμανίας
929 1081 983 1148 dmi
1004 1105 1037 1147 re
1058 1083 1115 1166 γῆς
1133 1079 1189 1144 καί

83 1178 273 1268 θαλάσσης,
306 1181 466 1268 άπηγγὲλη
498 1185 543 1272 τῷ
570 1188 702 1267 βασιλεῖ
727 1184 808 1250 κατοὶ
828 1187 885 1268 τῆς
915 1185 1036 1256 πόλεως
1056 1177 1187 1253 τούτους

83 1285 342 1366 παραγίνεσθαι·
385 1279 402 1346 o‘
424 1286 459 1348 δὲ
476 1277 591 1368 ἤρξατο
615 1285 733 1363 κτίζειν
748 1283 918 1370 άρόμωνάς
942 1307 975 1348 τε
996 1278 1114 1365 irripere
1133 1282 1188 1342 καί

43 1397 74 1450 10
83 1378 230 1467 παράλια
256 1384 345 1468 τείχη
375 1384 612 1469 ἀνακαινίζειν,
631 1381 783 1459 οόσαύτως
801 1383 858 1449 καί
874 1382 910 1449 τά
923 1385 1079 1467 χερσαῖα,
1099 1381 1186 1454 τοξο-

81 1486 264 1568 βυλίστραις
285 1505 319 1548 τε
353 1485 408 1547 καί
434 1483 559 1560 λοιπαῖς
586 1483 727 1550 όπλίσεσι
754 1483 810 1570 την
839 1485 930 1549 πόλιν
961 1476 1185 1562 κατιοχύρωοε.

82 1587 140 1647 καί
161 1583 362 1667 γεννημάτων
391 1583 430 1650 τό
466 1584 564 1667 οόρεῖα
585 1583 778 1669 ἐπλήρωσεν.
821 1583 875 1650 ἐπὶ
893 1580 1007 1647 τούτου
1028 1581 1083 1644 καί
1104 1579 1136 1643 Γ
1133 1602 1186 1662 ερ-

81 1682 187 1763 μανὸς
209 1683 243 1746 όιι
270 1681 495 1768 μητροπόλεως
515 1683 659 1762 Κυζίκου
686 1677 892 1765 μετατίθεται
915 1685 961 1758 είς
984 1685 1186 1746 Κωνσταντι·

82 1787 249 1864 νσύπσλιν,
272 1783 326 1846 καί
347 1782 534 1866 κιτατυόριον
568 1781 603 1849 tt
618 1784 847 1864 ’μεταθεσίμου
870 1781 1102 1867 ἐκπεραίνηται,
1123 1773 1187 1861 ιμή-

44 1899 73 1952 15
83 1907 136 1970 φῳ
170 1883 228 1946 καί
247 1884 417 1970 όσκιμασίρι
442 1885 499 1946 τού
519 1883 770 1970 θεοφιλεστάτου
800 1883 1015 1964 πρεσβυτέρου
1037 1876 1093 1942 καί
1113 1879 1187 1942 ότα-

80 1982 179 2048 ιιόνου
200 1986 256 2047 κατ’
276 1985 331 2064 τῆς
350 1978 438 2068 ἱεράς
457 1982 633 2068 συγκλήτου
655 1985 851 2068 ἒκφωνηθέν.
896 1979 935 2062 “ri
957 1981 1031 2044 θεία
1049 1977 1146 2060 χάρις
1167 1973 1188 2058 η’
1260 2001 1264 2012 ·

83 2084 222 2148 πάντοτε
243 2081 283 2147 τά
307 2085 429 2165 α’σθενῆ
449 2083 676 2166 θεραπεύουσα
708 2085 764 2146 καί
783 2079 822 2147 τά
845 2079 1025 2144 ἐλλείποντα
1045 2077 1187 2160 άναπλη-

86 2185 190 2266 ρούσα
211 2185 400 2267 μετατίθησι
415 2185 447 2248 Γ
444 2183 583 2267 ερμανόν
603 2180 659 2246 τόν
680 2176 853 2246 ὁσιώτατον
873 2180 1029 2263 πρόεδρον
1050 2179 1187 2260 riclin-

92 2285 223 2366 ζικηνσῖν
240 2279 462 2367 μητροπόλεως
484 2283 718 2356 serenianum
746 2277 864 2363 ταύτης
887 2281 943 2361 τῆς
965 2276 1187 2365 θεοφυλάκτου

47 2379 145 2447 ποιαί
160 2385 328 2464 βασιλίδος
345 2377 465 2458 πόλεως
485 2384 539 2447 ἐπί
557 2383 724 2464 Ἀρτεμίου
743 2381 927 2463 βασιλίως.”

171 2480 305 2546 Μαθών
333 2480 409 2548 eti
440 2481 593 2564 βασιλεύς
623 2478 672 2546 ότι
700 2479 811 2556 στόλος
833 2483 946 2564 ἐξῆλθε
968 2480 1031 2543 ταῖν
1050 2467 1189 2562 Ἀγάρη-

84 2583 150 2646 ruis
172 2579 254 2664 πρός
282 2577 318 2646 τό
347 2581 448 2664 κόψαι
473 2579 553 2660 ξύλα
577 2580 634 2646 ε’πί
648 2579 704 2646 τόν
727 2580 870 2666 Φοίνικα,
894 2580 1060 2645 άπέστειλε
1080 2577 1188 2644 στύλον

83 2679 167 2762 μετά
190 2685 342 2766 κληρικοῦ
363 2679 496 2764 όνόματι
516 2679 669 2766 Ἰωάννην,
684 2677 728 2770 όν
743 2683 798 2745 καί
814 2679 1002 2764 Ἰωαννάκην
1025 2679 1188 2764 ἐκάλεσαν,

425 2925 563 2978 bernerus
591 2939 650 2977 τιτι
669 2925 847 2980 Asterium.

160 3045 296 3098 Artemius
314 3046 361 3116 qui
384 3047 466 3099 etiam
487 3047 643 3100 Anastasius
661 3043 728 3097 duos
745 3061 830 3096 annos
854 3045 983 3114 regnarit,
1005 3046 1047 3096 vir
1063 3045 1187 3114 prurlen-

85 3117 217 3181 tissimus,
237 3118 283 3189 qui
304 3125 332 3169 et
351 3119 523 3189 equestribus
542 3119 627 3188 copiis
646 3123 674 3168 et
693 3117 840 3186 provinciis
859 3113 984 3168 homines
1024 3115 1188 3168 rudentissi-

84 3205 146 3240 mos
167 3197 195 3239 et
214 3188 368 3257 aptissimos
387 3189 537 3259 praefecit,
564 3192 604 3242 ite
621 3197 651 3241 ut
670 3204 711 3239 res
731 3187 842 3258 publice
861 3187 955 3258 quiete
982 3133 1187 3239 abminiitmre·

84 3269 142 3311 tur.
179 3260 225 3311 hic
242 3259 415 3313 Theodorum
434 3270 462 3314 et
474 3261 621 3329 Georgium
640 3260 768 3330 patricios
787 3266 945 3310 excaecatos
965 3257 1188 3310 Thessalonicam

85 3331 231 3398 relegerit.
278 3332 378 3384 Arabes
404 3350 487 3402 quum
511 3341 606 3386 contre
628 3333 762 3383 Romanos
777 3337 852 3382 terra
873 3330 995 3398 marique
1015 3327 1119 3380 bellum
1139 3346 1189 3400 ps·

84 3410 196 3465 retent,
216 3404 367 3455 nuntiatam
392 3412 433 3456 est
451 3405 525 3474 regi,
556 3411 650 3456 contre
668 3402 762 3453 urbem
787 3402 851 3453 illos
876 3400 1020 3471 proficisci.
1066 3409 1123 3452 tum
1142 3415 1190 3452 rex

82 3470 233 3525 aedificare
252 3475 355 3526 celoces
374 3483 401 3527 et
419 3475 535 3527 biremes
556 3475 647 3546 coepit
670 3481 699 3525 et
718 3473 849 3525 maritimo
878 3480 907 3524 et
924 3469 1061 3524 terrestria
1079 3471 1191 3523 moenis

83 3557 234 3614 reperere;
252 3545 370 3597 ballistis
399 3556 540 3615 praeterea
566 3554 595 3598 et
620 3545 682 3596 eliis
702 3544 783 3596 armis
806 3542 901 3595 urbem
921 3543 1039 3594 firmavit
1058 3550 1086 3596 et
1103 3541 1190 3609 frugi-

82 3617 140 3668 bus
158 3617 282 3684 gmnsrie
300 3617 424 3688 replevit.
461 3617 513 3670 sub
531 3635 564 3669 eo
585 3617 736 3669 Germanus
755 3632 789 3666 ex
806 3615 905 3682 Cyzico
927 3613 1073 3683 metropoli
1089 3612 1190 3682 Cpulin

83 3687 271 3756 trsnspoeitue
288 3697 331 3740 est
350 3696 379 3740 et
395 3690 546 3742 citatorium
568 3687 788 3757 transpositionis
814 3687 1022 3755 proclametum,
1040 3684 1190 3736 secundum

83 3759 243 3825 suffragium
263 3768 290 3811 et
308 3761 469 3812 sententiam
488 3778 504 3812 ιι
524 3759 576 3812 deo
592 3758 749 3811 amatissimi
765 3756 928 3828 presbyteri,
948 3755 1057 3808 diaconi
1079 3763 1106 3807 et
1125 3773 1189 3808 sen-

83 3829 125 3882 cti
144 3829 253 3880 concilii
273 3830 314 3882 bis
338 3829 426 3883 verbis
446 3829 555 3883 “divine
584 3831 686 3898 gratis,
710 3845 782 3900 quse
805 3843 912 3897 semper
933 3825 1035 3879 debilis
1055 3827 1143 3879 srrmut
1162 3835 1190 3880 et

82 3915 183 3952 manca
201 3901 320 3970 supplet,
333 3901 506 3965 Germanum,
520 3902 716 3955 sanctissimum
733 3899 926 3967 Cyzicenorum
937 3899 1096 3970 metropolis
1112 3914 1190 3968 prse-

84 3971 190 4093 fAectum
211 3975 368 4044 episcopum
397 3974 463 4028 lacit
481 3974 555 4026 urbis
582 3973 667 4027 eden
689 3971 819 4025 defensae
844 3979 874 4025 et
895 3973 986 4039 regiae
1002 3970 1053 4024 sub
1074 3971 1189 4042 irnperio

111 4043 228 4095 rtemii.’'
820 4065 822 4070 ·

161 4115 215 4166 ilex
234 4116 333 4167 certior
363 4104 449 4168 fuctus
474 4113 629 4239 proiectum
653 4131 712 4168 esse
741 4115 924 4181 Agerenornm
950 4112 1097 4164 exereitum
1115 4111 1189 4177 ligne

83 4189 119 4237 in
140 4183 282 4238 Phoenicia
309 4203 430 4250 caesum,
459 4204 571 4240 cassem
589 4187 663 4240 misit
682 4185 734 4241 sub
757 4186 856 4238 clerico
873 4181 991 4256 quodam
1010 4185 1120 4246 letone,
1138 4182 1188 4252 qui
