2820 4866
428 282 797 348 cuaououaaeuu.
1038 365 1042 370 ¹
1076 273 1149 346 ονε

60 433 170 498 τοῦτον
199 429 470 514 άπεπεμψαμένου
498 436 621 520 ἐποίησε
641 437 797 516 Σαμωνιῖς
816 435 920 518 μήνας
941 434 1095 518 τέσσαρας
1116 435 1152 500 έν

60 534 105 621 τῷ
130 530 205 620 οὶλιφ
230 536 285 598 τοῦ
305 530 438 618 Βάρδα,
465 532 699 614 άπεσυνάψισεν
732 537 767 598 δὲ
799 537 832 599 έν
862 535 900 619 τῇ
921 533 1195 622 αδτοκρακοριρδὸ

59 634 121 697 τοῦ
148 635 314 714 βασιλέως.
361 634 465 718 ἐφάνη
501 637 536 698 δέ
571 634 639 700 τότε
669 634 724 700 καί
758 633 933 718 δκομήιης
964 633 1069 718 άστήρ
1096 631 1182 710 μές’

60 734 193 806 α’κπῖνας
211 733 266 796 έπί
287 730 441 817 α’κατολήν
461 737 591 814 πέμπων
612 737 667 799 καί
687 733 875 820 φαινόμενος
891 739 925 798 έν
947 732 1080 818 ἡμέραις
1100 736 1156 796 καί

35 836 133 910 bauti
148 830 393 916 τεσσαράκοντα.

143 932 322 1014 Ἕγέκνησεν
347 933 443 998 Λέων
470 931 541 998 viria
564 936 806 999 Κανοταντῖνον
827 933 889 998 α’πδ
912 936 1005 1018 Ζωής
1026 933 1081 1016 τής
1102 955 1156 996 ιε-

59 1030 179 1117 τάρπης
214 1032 313 1098 adrat
346 1035 499 1115 γαμετῆς.
548 1035 726 1118 ἐβαπτίσθη
753 1036 790 1098 δὲ
818 1032 858 1098 τά
883 1030 959 1117 ἅμα
980 1035 1071 1120 φάεα
1091 1030 1153 1096 ὑπὸ

59 1129 226 1197 Νικολάου
248 1135 450 1214 πατριάρχου
472 1135 507 1198 έν
526 1138 567 1220 τῇ
586 1133 706 1221 μεγάλη
731 1137 877 1223 ἐκκλησίᾳ
898 1137 1074 1214 δεξαμένων
1096 1135 1189 1196 eri-D

57 1230 117 1297 τάν
135 1227 347 1315 Ἀλεξάνδρου
370 1235 525 1314 βασιλέως
550 1235 605 1298 καί
611 1236 765 1315 Σάμιονάς
784 1240 946 1320 πατρίκιος
965 1233 1020 1297 καί
1040 1235 1103 1297 τῶν
1122 1234 1157 1296 έν

23 1335 148 1398 writes
169 1329 306 1399 πάντων.
323 1334 431 1414 γέγονε
454 1336 489 1398 δέ
510 1332 565 1398 κάν
581 1337 716 1416 βασιλέα
738 1334 949 1424 εδλογηθήναι
970 1333 1158 1416 μειάΖωής

58 1427 141 1512 μετά
174 1428 230 1513 τήν
255 1427 370 1516 ἑορτήν
400 1431 486 1516 παρά
522 1435 625 1514 &raud
656 1437 889 1519 πρεσβυτέρου,
922 1432 956 1510 ὃς
980 1437 1157 1520 καθῃρέθη.

59 1527 257 1614 ἀνηγόρευσε
290 1533 326 1596 δὲ
353 1529 409 1615 τήν
442 1533 541 1620 ου’τήν
569 1531 665 1618 Ζισήν
695 1537 740 1609 εἰς
768 1533 984 1617 Αιίχοάσταν.Ι
1018 1532 1074 1596 καί
1102 1531 1158 1596 διά

59 1631 158 1696 τοῦτο
177 1629 384 1710 τὸνβασιλέα
408 1631 425 1696 ὅ
448 1631 646 1719 πατριάρχης
675 1635 719 1709 εἰς
740 1633 795 1716 τήν
816 1637 981 1719 ἐκκλησίαν
1003 1630 1160 1697 ἐκώλυσεν

62 1730 286 1813 εἰσέρχεσθον
334 1725 411 1796 ὅθεν
442 1731 588 1816 διήρχετο
617 1731 756 1798 dulcori
782 1737 888 1811 δεξιοῦ
914 1735 1032 1814 μέρους
1060 1736 1160 1815 μέχρι
1199 1781 1201 1788 ,

22 1831 120 1904 ιεποῦ
142 1834 372 1914 μιεατορικίου,
390 1834 467 1916 μηδ’
481 1828 560 1908 ὅλως
581 1835 627 1908 εἰς
645 1831 682 1895 τά
698 1830 777 1896 κατά
799 1835 972 1914 συνήθειαν
994 1829 1159 1916 διερχόμε.

62 1950 139 2004 roc.»
170 1928 353 2014 προεβλήθη
383 1933 419 1996 δὲ
449 1933 604 2010 Euporie
637 1937 918 2014 παρακοιμαίμενος
945 1933 998 1998 διά
1024 1929 1060 1995 τὸ
1078 1925 1161 1996 εἶναι

62 2029 106 2115 τῷ
123 2032 256 2108 βασιλεῖ
272 2029 423 2112 συνεργὸς
444 2031 524 2114 πρὸς
544 2034 649 2096 πᾶσαν
671 2034 872 2115 παρανομίαν
891 2036 947 2096 καί
964 2032 1085 2112 κακίαν,
1106 2027 1164 2093 καί

65 2126 147 2192 κατά
168 2130 225 2212 τής
244 2130 411 2213 ἐκκλησίας
439 2125 552 2215 ἤρξατο
584 2134 728 2211 μελετᾶν.
784 2133 1075 2214 προσκαλεσάμενοι
1097 2127 1161 2213 γάρ
1190 2157 1192 2166 ’

71 2227 228 2294 Νικόλαον
249 2227 450 2320 πατριάρχηκ
469 2232 695 2314 Φεβρουαρίοο
719 2230 848 2318 πρώτη,
870 2235 927 2296 καί
944 2222 1043 2294 πολλά
1065 2236 1260 2296 trecentas
1353 2239 1360 2248 '

26 2325 219 2412 περήσαντες
246 2329 418 2412 δεχθῆναι,
449 2331 519 2394 έπεί
543 2338 652 2395 πεῖσαι
680 2330 737 2395 ουίι
769 2332 998 2416 ἠδυνήθησαν,
1021 2327 1085 2394 α’πό
1104 2330 1161 2393 τοῦ

63 2433 234 2511 κλητορίου
253 2426 306 2492 διά
329 2431 386 2492 rori
406 2430 636 2504 Βοοκσλέονιος
662 2434 696 2494 έν
719 2435 817 2518 πλοίῳ
838 2435 942 2518 μικρῷ
964 2429 1161 2511 ἐμβιβάσαν-

63 2548 117 2604 τες
139 2527 332 2614 διεπέρασαν
350 2529 385 2594 έν
405 2531 444 2616 τῇ
460 2513 589 2619 Ἱερείρή
604 2531 661 2618 ἀφ’
684 2522 721 2616 ἧς
740 2532 820 2620 πεζή
840 2524 1160 2616 μέχριΓαλακρήνων

67 2819 159 2873 eoque
185 2810 250 2855 tunc
270 2818 329 2854 cum
359 2803 451 2858 lurore
475 2806 508 2857 ab
530 2807 691 2877 imperatore
719 2815 791 2860 retro
811 2806 964 2871 amandato,
984 2806 1112 2857 ὃσσαυππε
1131 2804 1159 2854 in

67 2874 172 2928 ilerdae
191 2874 272 2926 domo
294 2891 398 2928 menses
443 2885 551 2929 uattuor
583 2880 695 2948 peregit,
719 2885 748 2930 et
766 2894 855 2928 annuo
877 2879 922 2930 die
941 2895 995 2948 quo
1014 2879 1161 2944 imperator

68 2951 235 3016 potestatem
265 2946 368 3014 accepit
395 2894 525 3000 relleunte
545 2949 733 3008 reconciliatus
752 2957 802 3000 est.
839 2958 902 3001 tunc
926 2947 1051 3016 apparuit
1070 2963 1160 2997 come·

68 3025 112 3069 tes
133 3016 222 3068 radios
242 3031 331 3067 versus
353 3017 491 3070 Orientem
517 3020 666 3084 eiaculatus,
690 3027 722 3071 et'
737 3019 795 3070 dies
815 3028 962 3089 noctesque
983 3017 1161 3089 quadraginta

68 3088 232 3156 conspicuus
250 3087 404 3156 permansit.

139 3158 233 3210 EZoe
259 3174 323 3210 vero
344 3167 439 3228 quarta
465 3160 580 3227 coniuge
610 3159 817 3211 Constantinum
847 3159 932 3210 filium
960 3157 1014 3208 Leo
1033 3157 1162 3226 suscepit,

69 3228 121 3299 qui
139 3227 273 3280 luminum
293 3229 361 3281 festo
381 3230 520 3282 allicolao
529 3227 690 3352 patriarcba
710 3233 737 3281 in
756 3247 851 3298 magua
871 3230 993 3291 ecclesia,
1010 3229 1162 3298 suscipien-

69 3301 146 3352 tibus
162 3315 276 3368 puerum
296 3317 310 3352 e
331 3300 406 3352 sonte
425 3301 525 3353 Alexan
548 3319 577 3354 ro
595 3305 767 3370 imperatore,
787 3302 901 3352 Sarnous
923 3300 1036 3369 patricio
1054 3308 1082 3350 et
1098 3315 1163 3369 pro·

70 3371 180 3422 ceribus
197 3371 300 3422 eunctis
321 3370 474 3440 baptizatur
495 3381 544 3424 est.
582 3375 696 3440 contigit
716 3381 806 3424 autem
824 3375 1011 3440 imperatorem
1030 3371 1163 3432 cumZoe,

71 3443 145 3493 festo
166 3441 319 3494 istiusmodi
343 3443 495 3512 celebrato,
514 3444 731 3496 benedictionem
762 3443 913 3512 nuptialem
933 3458 948 3492 a
966 3441 1070 3493 'l'lioma
1088 3456 1164 3510 pres·

70 3512 171 3580 hytero
189 3514 333 3582 suscipere,
355 3514 402 3583 qui
422 3514 535 3566 eaurzob
554 3533 608 3566 rena
627 3515 713 3566 ollieio
733 3513 873 3584 ‹lepositus
895 3523 945 3566 est.
966 3511 1079 3562 eandem
1098 3528 1164 3562 vero

71 3586 152 3636 Zoem
172 3585 316 3651 tragurtam
335 3581 483 3636 declaravit
501 3587 654 3655 imperator,
680 3603 758 3656 quem
779 3594 922 3654 eapropter
940 3583 1070 3634 ecclesiae
1092 3582 1165 3634 timi-

25 3670 29 3684 ’
70 3653 156 3708 nibus
174 3653 326 3724 patriarcha
345 3654 494 3724 prohibuit,
513 3667 543 3708 ut
560 3657 658 3708 exinde
680 3657 781 3726 pariter
798 3655 908 3708 dextera
928 3654 1057 3707 ecclesiae
1078 3661 1164 3723 parte,

73 3727 119 3778 via
137 3734 270 3777 consueta
287 3727 395 3795 penitus
419 3728 520 3788 relicta,
538 3728 573 3778 ad
592 3729 785 3780 lditatoricium
806 3744 889 3796 usque
909 3725 1094 3797 pertransiret.
1114 3723 1165 3774 Sa-

73 3811 169 3848 mones
189 3795 289 3849 deinde
307 3795 448 3849 accubitor
464 3808 603 3866 provectus
619 3808 668 3862 est,
689 3799 763 3868 quod
784 3797 818 3849 ad
837 3815 916 3848 omne
936 3798 1039 3848 lacinus
1058 3803 1086 3846 et
1102 3811 1165 3864 pra·

72 3869 188 3920 vitatem
208 3868 364 3936 imperatori
383 3885 491 3920 manum
518 3871 662 3939 praeberet
686 3870 859 3934 auxiliarem
891 3875 919 3920 et
937 3867 1065 3919 adversus
1079 3864 1168 3917 eccls-

73 3941 143 3992 riam
163 3947 314 4008 coeperunt
337 3938 469 3991 meditari.
514 3951 638 3993 vocatum
657 3941 760 4010 quippe
778 3939 812 3991 ad
833 3956 861 3990 re
881 3940 1022 3990 Nicolaum
1051 3937 1168 4009 patriar-

74 4010 155 4061 cham
179 4010 320 4061 Februarii
338 4010 381 4061 die
402 4012 488 4080 primo
508 4012 631 4080 precibus
650 4013 789 4064 instabant
806 4019 836 4061 ut
857 4012 884 4061 in
904 4011 1045 4061 ecclesiam
1064 4011 1168 4078 recipe-

74 4088 188 4132 renturr
213 4088 244 4132 ut
262 4097 327 4132 vero
345 4080 453 4132 flectere
474 4083 535 4134 non*
549 4092 709 4153 potuerunt,
728 4099 743 4132 a
762 4082 884 4134 convivio
903 4083 1023 4150 publico,
1041 4079 1075 4130 ad
1094 4077 1169 4149 quod

75 4158 191 4208 vocatur
211 4151 308 4218 luerat,
327 4155 442 4204 eiectum
460 4162 488 4206 et
501 4171 549 4225 per
566 4155 758 4208 bucoleontem
779 4153 888 4207 ductum
905 4153 1036 4224 lintrique
1055 4151 1171 4222 imposi-
