2828 4874
218 283 273 344 nn
291 283 595 352 rnrasmourua
614 287 641 352 Δ
663 287 821 352 asarum
839 284 983 351 canan.
1077 270 1151 349 489

51 439 188 518 χεῖρας,
219 434 458 520 φαντοσάμενος
487 435 525 502 τά
558 439 656 502 οἰκεῖα
676 430 723 513 οἶς
744 436 803 520 τὴν
822 433 956 518 καρδίαν
975 432 1150 520 κεκάλλητο,
1228 504 1234 510 ,

53 535 113 596 καί
132 527 215 598 οὕτω
235 536 324 623 πόθῳ
345 539 403 602 τοῦ
420 535 506 603 οἴκου
528 537 696 621 άγρευθείς
711 541 766 603 καί
780 537 1000 620 άπαιιυρηθείς
1021 539 1075 598 κατ’
1086 559 1149 614 μυ-

52 634 130 714 ρίας
149 632 270 717 πληγάς
304 633 458 718 ἐντριβείς
479 640 534 702 καί
555 636 633 702 κατά
664 633 796 721 ἑκάστην
817 635 1019 718 άπαιοὸρρσιν
1041 631 1149 714 ιὲλξερά-1

42 756 115 806 ’σας
135 732 286 816 χρήματα
307 737 362 800 κατ’
379 739 425 810 εἰς
454 736 552 802 πολλά
576 735 765 823 κοροφιάσος
789 735 885 818 αάτά,
908 728 977 798 εἶτα
1001 734 1056 797 κατ’
1075 735 1149 800 ἐλα-

24 829 156 917 δφρίαν
177 832 291 898 παθών
313 839 474 918 λογισμοῦ,
497 841 553 902 ani
572 833 606 902 aiv
625 841 668 924 τῷ
692 839 822 922 ζητῆσαι
844 837 953 914 λαβεῖν
974 857 1005 898 τι
1027 835 1149 896 ἐκεῖθεν

51 933 325 1014 παρακρουσθείς,
350 935 405 1000 καί
425 935 671 1018 άπειλρσάμενος
701 936 920 1018 καταμηνῦοαι
950 931 983 997 τὸ
1016 935 1147 1016 πρᾶγμα

49 1039 117 1106 τοῖς
139 1032 293 1117 κόμηοιυ,
317 1035 374 1098 oda
401 1030 494 1116 ἔσχεν
523 1033 568 1102 ἔτι
589 1035 748 1121 κεφαλήν,
779 1029 849 1098 ἀλλ’
870 1031 949 1116 adse}
973 1035 1033 1115 μὲν
1053 1053 1146 1095 κατε.

47 1127 164 1216 χάσθη
198 1155 260 1196 που
293 1140 479 1218 ἐκκοπεῖσα,
503 1133 519 1199 ὃ
541 1137 576 1201 ti
606 1135 714 1214 λοιπάς
735 1139 974 1209 Κανσταντῖνος
995 1134 1154 1218 ἐξερρίφη,

49 1229 161 1315 νεκρὰς
181 1231 388 1317 ductuque..

9 1349 40 1404 ιο
125 1323 219 1414 Ἔσχε
241 1335 351 1399 dissui
370 1338 464 1400 τοῦτο
484 1335 518 1400 sd
543 1333 638 1402 κακὸν
656 1330 795 1418 ἓτεροίον
816 1336 969 1406 ἐπίτασιν.
1010 1336 1143 1416 γλυκον-

49 1431 159 1506 θέντες
180 1429 242 1514 γάρ
264 1431 348 1500 οὕτω
368 1437 410 1524 τρῖ
433 1438 536 1519 κέρδει
557 1438 621 1502 raia
635 1437 944 1514 ,οἰκοδεσποτούντων
965 1429 994 1496 οἱ
1015 1431 1144 1518 βάρβα-

46 1553 98 1612 ροι
118 1533 269 1613 iniiga»
291 1532 355 1600 ε”σον
378 1541 495 1623 ualuis,
519 1539 574 1602 καί
593 1535 627 1603 εἴ
637 1562 705 1602 τινα
721 1535 937 1620 παροδεάοντα
959 1532 1058 1620 ἴδοιεν
1085 1530 1143 1594 dri-

45 1654 138 1712 κρσιν
159 1629 276 1716 άνιλρός
290 1640 450 1716 πέμποντα
473 1634 682 1712 πλουτοῦυτός
694 1659 777 1717 ποτε,
800 1631 941 1718 ἥρπαζον
963 1629 1058 1698 udaia
1078 1629 1145 1712 ἔσιο

44 1723 97 1796 οἷά
117 1754 201 1806 τινες
222 1735 321 1800 δεινοί
341 1739 438 1819 θῆρες
453 1741 487 1802 ἐκ
509 1737 647 1822 φωλεοῦ,
669 1737 725 1800 καί
734 1732 917 1817 βιαζόμενοι
939 1733 1142 1816 ἐτυράννουν,

10 1828 103 1906 ίόἕας
125 1853 158 1894 τι
180 1836 244 1896 τῶν
266 1832 345 1898 κατά
368 1833 484 1899 σκοπάν
511 1833 673 1900 άνάσαιεν.
716 1834 747 1898 εἰ
767 1835 802 1899 δέ
822 1857 905 1908 τινες
928 1831 983 1895 κατ’
1002 1837 1141 1916 συμβιο-

38 1928 146 1996 cadesa
167 1931 383 2014 αἰχμαλώτοις
408 1928 535 2019 ἤθελον,
556 1929 623 2020 εἶχε
646 1937 705 2017 μίν
726 1959 757 1998 τι
779 1937 836 1998 καί
855 1935 945 1999 τοῦτο
965 1929 1074 2018 βάρος,
1096 1933 1140 2008 αἱς

37 2028 68 2096 οἱ
90 2024 132 2096 ad
153 2030 289 2114 πάσχειν
309 2036 471 2110 δοκοῦντες
492 2039 715 2120 περτργοῦντο,
738 2027 775 2118 ἦν
805 2036 841 2098 ds'
861 2058 928 2110 πως
948 2029 1139 2120 φιλάλληλον
1211 2071 1218 2078 -

34 2123 118 2196 adad
142 2135 198 2197 καί
217 2132 509 2221 α’νθρωπικοάτερον.
847 2201 848 2204 ,

128 2231 195 2296 Oria
219 2225 256 2315 ἦν
276 2236 352 2298 addi·
373 2233 446 2309 τοάς
470 2240 579 2312 θείους
599 2235 694 2309 ναοάς
714 2228 824 2316 ὕμνοις
846 2228 1008 2307 άσκάλτως
1029 2234 1137 2320 περιᾴ-

0 2335 158 2398 *turaias
177 2330 263 2420 τότε,
291 2335 358 2402 ἀλλ’
392 2329 458 2416 εἶχε
489 2331 717 2400 nutrientia
750 2331 841 2418 ἔργον
859 2333 953 2397 τοῦτο
975 2328 1138 2416 ἐπήρειαν.

41 2435 96 2495 κατ’
122 2433 180 2510 τὰς
200 2439 260 2514 μὲν
288 2433 392 2517 άρχάς
424 2433 532 2500 ἱκανοί
559 2434 674 2518 ἡμέραι
704 2437 759 2498 καί
784 2425 854 2496 οὔτε
887 2434 1040 2510 ἐκλείοντο
1064 2427 1137 2497 οὔτε

39 2530 170 2614 ου’νπξις
193 2528 232 2620 ἦν
260 2534 276 2619 ἢ
312 2531 645 2617 &nequamneuam
669 2531 765 2620 θεόν,
799 2533 865 2596 αλλ’
887 2531 921 2598 εἴ
938 2557 999 2598 που
1019 2531 1062 2608 nic
1083 2532 1138 2598 ε’πί

30 2806 215 2874 cognomine,
234 2807 276 2860 vir
294 2815 419 2862 strenuus
439 2817 468 2862 et
485 2808 586 2862 divitiis
609 2809 769 2872 abundans,
790 2825 842 2860 rem
863 2808 1021 2860 familiarem
1042 2825 1134 2862 recor-

30 2877 128 2939 datus,
146 2894 261 2947 quacum
283 2881 364 2932 corde
381 2881 584 2949 conglutinatus
601 2889 667 2943 erat,
686 2889 768 2948 atque
787 2881 825 2932 ita
847 2896 933 2931 rernm
955 2897 1063 2931 arrarum
1083 2880 1132 2932 de.

29 2947 139 3000 siderio
163 2949 301 3012 irretitus,
320 2968 464 3022 suspensus
491 2960 520 3003 et
541 2951 627 3020 plagis
655 2951 768 3001 insanitis
791 2949 965 3014 verberatus,
984 2961 1027 3013 et,
1047 2968 1131 3022 quum

28 3020 136 3089 quovis
163 3022 310 3090 suspendio
338 3023 502 3075 evomuisset
527 3022 637 3076 divitias
665 3037 764 3090 easque
791 3021 935 3072 admodum
962 3021 1133 3083 cumulasset,

27 3099 212 3162 postremum,
226 3095 333 3146 consilii
353 3092 417 3144 (lece
439 3103 482 3146 tus
500 3091 691 3162 imprudentia,
713 3100 741 3142 et
751 3091 873 3144 lucrandi
893 3093 996 3163 aliquid
1015 3110 1062 3162 spe
1081 3094 1133 3143 ial-

26 3179 88 3223 aus,
105 3164 250 3216 comitibus
271 3181 299 3216 se
314 3183 367 3216 rem
380 3112 559 3216 indicaturum
581 3179 640 3215 essa
659 3162 785 3226 minatur,
809 3181 859 3215 nac
877 3165 930 3214 iam
949 3171 1031 3233 caput
1051 3180 1132 3232 super

26 3233 161 3286 humeros
183 3244 279 3301 gestat,
297 3237 344 3288 sed
364 3235 509 3288 abscissum
529 3234 557 3285 id
575 3234 701 3288 obruitur
719 3234 833 3300 alicubi,
854 3236 975 3306 reliquus
994 3235 1132 3306 Constan-

25 3307 109 3357 tinus
129 3307 278 3372 proiicitur,
298 3307 413 3357 cadaver
433 3324 484 3376 ope
504 3305 673 3358 destitutum.

108 3373 210 3428 Habuit
234 3389 323 3430 nartem
351 3378 400 3429 illa
420 3394 531 3448 qnoque
553 3379 659 3428 miseria
686 3375 764 3426 aliana
788 3373 922 3446 quandam
941 3377 1130 3430 accessionem.

26 3445 162 3499 delectati
182 3450 253 3500 enim
273 3450 310 3500 ita
332 3449 445 3500 aedibus
465 3449 623 3518 divitiisque
650 3447 761 3510 alienis,
779 3447 886 3499 barbari
906 3450 975 3500 intra
996 3449 1068 3500 iores
1087 3450 1131 3500 la-

25 3517 149 3578 tebant,
183 3528 210 3571 et
236 3521 257 3571 si
288 3537 367 3590 quem
401 3528 618 3591 praetereuntem
641 3517 785 3581 viderent,
808 3521 854 3590 qui
876 3521 993 3588 speciem
1012 3519 1130 3572 bominis

25 3589 161 3660 opulenti
181 3607 243 3659 prae
265 3609 292 3641 se
313 3591 404 3655 ferret,
425 3590 601 3661 abripiebant
618 3590 695 3640 illurn
715 3591 785 3641 intra
805 3593 930 3662 parietes,
950 3607 1132 3662 prorumpen-

26 3671 74 3714 tes
94 3667 223 3730 tanquam
243 3680 257 3713 e
277 3663 393 3716 latibulo
413 3662 485 3715 serae
504 3661 616 3724 bestiae,
636 3659 824 3731 vetabantque
844 3663 1024 3724 contumeliis,
1043 3662 1131 3715 donec

24 3732 265 3800 adipiscerentur,
288 3733 362 3804 quod
388 3733 588 3786 desiderabant.
626 3733 648 3784 si
668 3733 716 3802 qui
736 3749 800 3783 raro
826 3750 877 3786 una
898 3735 989 3785 visere
1008 3750 1066 3784 cum
1086 3751 1131 3784 ca-

25 3804 114 3875 ptivis
134 3803 245 3867 velient,
260 3804 380 3857 habebat
391 3805 418 3856 id
437 3821 547 3876 qunque
558 3821 678 3871 magnam
695 3805 854 3868 molestiam,
873 3814 903 3856 ut
917 3804 1064 3856 narrabant
1082 3805 1130 3874 qui

24 3876 130 3926 ceteris
151 3874 284 3928 beatiores
304 3874 481 3940 videbantur,
499 3876 546 3928 sed
566 3885 623 3927 erat
637 3883 727 3926 minen
749 3891 780 3927 sa
799 3875 918 3928 conditio
949 3877 1026 3946 quasi
1046 3893 1132 3947 quae-

25 3947 92 3998 dam
113 3946 258 3999 olbciorum
277 3949 431 4000 coniunctio
452 3957 481 4000 et
499 3948 652 4000 humanior.
1096 3951 1098 3956 ’

103 4016 144 4068 Ne
163 4019 262 4070 licebat
292 4019 401 4088 quidem
425 4036 500 4072 sacra
521 4020 620 4089 templa
639 4018 744 4085 hymnis
770 4034 917 4087 personare
937 4017 995 4069 sine
1013 4017 1129 4080 iniuriis,

26 4087 79 4140 sed
102 4087 183 4140 etiam
212 4089 349 4143 laudabile
374 4090 402 4140 id
432 4107 500 4160 opus
527 4090 725 4142 execrationem
752 4089 952 4158 experiebatur.
991 4097 1019 4141 at
1040 4106 1073 4140 ue
1094 4089 1129 4140 ab

26 4159 113 4212 initio
137 4159 245 4229 quidem
274 4159 331 4214 dies
368 4162 529 4214 efflrtxerunt
555 4159 722 4232 complures,
743 4161 842 4232 quibus
861 4177 911 4213 nec
930 4105 1129 4212 claudebantur
