2820 4866
394 280 765 350 CHRONOthPlllh.
1049 277 1122 349 313

32 430 80 508 νδς
101 425 147 498 ῶν
166 434 224 497 nni
242 430 340 505 αάτός
360 434 416 498 arai
435 430 676 516 ὀνομαζόμενος,
700 431 756 498 καί
766 431 811 518 μή
834 435 909 500 θέλε
923 427 1125 512 μολύνεσθαι

32 534 233 616 Χριστιανῶν
255 531 360 609 δεξιάς
378 535 510 612 αἳμασιν
536 530 715 614 όμοπάστων
735 537 950 617 Χριστιανῶν.
977 525 1125 613 ἀνδρα·

32 655 84 706 τος
103 625 138 695 εἶ
153 629 210 696 καί
228 629 327 706 αάτός
346 629 484 696 θάνατον
499 637 683 718 προσδοκῶν
701 634 756 698 καί
777 631 952 698 ἀνάστασιν
972 633 1029 696 καί
1047 630 1125 695 ἀντ-

32 729 190 796 απόδοσιν.
240 729 380 814 σήμερον
409 731 583 818 ἀπάρχεις,
616 731 672 799 καί
702 726 815 818 αόριον
835 734 880 808 εἰς
902 729 989 798 κόνιν
1011 734 1124 796 διαλυ-

32 826 123 920 9ήσῃ.
164 824 211 906 εἷς
231 829 367 916 πυρετός
387 826 473 896 ἅπαν
495 837 683 914 κατασβέσει
701 831 740 898 τὸ
762 831 928 918 φρόαγμα.
970 829 1042 898 κε’να
1064 823 1123 894 οὖν

32 932 119 1014 λόγον
138 929 251 1006 δώσεις
279 931 324 1016 τῷ
357 931 422 1019 θεῷ
455 933 525 996 ἐκεῖ
542 931 691 999 ἀπελθόν
713 932 793 1016 sinin
814 937 877 997 τῶν
897 929 1015 996 ἀδίκων
1035 954 1123 1014 σφα.

32 1031 106 1110 ’ῶνς
128 1034 207 1120 ποιίρ
227 1027 384 1118 προσιόπιρ
407 1033 451 1120 τρῖ
463 1036 590 1120 φοβερῷ
602 1038 656 1098 καί
677 1037 786 1121 δικαίην
798 1035 985 1105 ἐναιενόσεις
1004 1031 1098 1115 κριτῇ
1109 1055 1121 1110 ,·

32 1131 51 1193 ι’
69 1124 208 1194 πλοόιου
228 1131 310 1213 ε’ρῶν
329 1131 429 1194 ταῦτα
451 1139 559 1212 ποιεῖς,
579 1131 639 1214 ε’γῶ
661 1155 699 1198 σε
721 1129 904 1214 κατακόρως
926 1133 985 1196 τοῦ
1004 1131 1151 1197 ἐπιθυ-0

32 1231 186 1311 ιουμένου
216 1227 375 1314 ἐμπλήσω.
415 1228 514 1311 μόνον
536 1227 663 1314 ἐπίσχες
682 1229 741 1318 τήν
762 1230 877 1312 δεξιόν,
899 1225 1041 1297 donnons
1065 1228 1121 1314 τήν

32 1326 167 1412 ξι’ρήνην,
197 1328 360 1414 ἀγάπησον
390 1330 446 1416 τήν
466 1326 638 1417 όμόνσιαν,
660 1334 715 1397 ῗνα
735 1331 791 1398 καί
810 1329 908 1407 αάτός
930 1333 1000 1412 βίον
1021 1330 1121 1417 ζήσης

32 1427 177 1512 τι’ρηνικόν
196 1429 250 1493 καλ
269 1427 470 1515 ἀπράγμονα,
492 1434 549 1497 καί
573 1430 603 1498 οἱ
624 1435 816 1515 Χριστιανοὶ
835 1431 1025 1498 παόσοονταό
1042 1453 1119 1494 ποτε

32 1530 85 1592 ’ῶν
113 1531 312 1614 συμφορῶν·
368 1533 409 1594 οά
435 1533 530 1610 θέμις
564 1531 626 1615 γὰρ
654 1531 770 1608 oriende
802 1529 904 1617 αἴρειν
932 1527 1015 1596 dala
1043 1534 1118 1594 καθ’

32 1625 232 1708 ῗμοπίστων.”
272 1632 411 1696 τοσαῦτα
427 1623 483 1695 oria
505 1630 602 1696 εάπῶν
623 1631 640 1694 ό
660 1629 813 1713 βασιλεός
836 1633 990 1716 ἐσίγησεν.
1032 1631 1118 1696 nide-

32 1728 110 1802 [θεός
138 1722 196 1794 σόν
224 1727 356 1810 Συμεών
382 1729 440 1814 τήν
471 1731 586 1796 τούτου
612 1732 800 1796 ταπείνωσιν
828 1733 885 1796 καί
910 1728 984 1806 κοός
1006 1728 1119 1812 λόγους
1160 1717 1163 1730 ’

32 1829 122 1891 :sicori
144 1831 309 1894 ἐπένευσεν
336 1829 395 1914 τήν
415 1828 542 1916 εἰρήνην
571 1831 778 1914 ποιήσασθαι.
819 1829 1040 1909 ἀσπασόμενοι
1061 1821 1119 1893 osio

32 1921 175 2010 ἷλλήλους
197 1930 466 2016 διεχωρίσθησαν,
487 1927 603 2014 δῶροις
621 1932 873 2014 μεγαλοπρεπέσι
894 1930 951 1993 ταῶ
961 1931 1119 2012 βασιλέως

32 2029 252 2108 λεξιανσαμένου
278 2025 332 2094 τόν
353 2033 518 2112 Συμεῶνα.
561 2027 578 2094 ὃ
606 2031 641 2093 δὲ
660 2027 732 2094 τότε
754 2033 951 2114 συμβέβηκεν
973 2027 1119 2112 διηγήσο-

32 2151 77 2190 ιαι
99 2124 266 2209 τεράστιόν
282 2155 309 2193 τι
331 2133 386 2196 καί
405 2139 472 2206 τοῖς
484 2127 524 2195 ari
540 2135 673 2194 τοιαῦτα
696 2131 875 2212 συγκρίνειν
893 2127 995 2194 eidone
1015 2125 1120 2212 παρό-

32 2227 119 2305 λοξον.
162 2225 218 2291 δόο
248 2230 348 2314 φασίν
376 2223 491 2304 ἀετσάς
517 2232 580 2294 τῶν
600 2233 759 2310 βασιλέων
779 2225 971 2308 δμιλοόντων
992 2219 1116 2291 ἀνωθεν
1147 2249 1159 2276 ·

32 2327 126 2390 ιάιῶν
144 2325 353 2412 ἀπερπτήναι,
375 2321 453 2412 ήξαά
469 2352 501 2394 τε
521 2328 578 2394 καὶ
605 2327 684 2413 πρός
707 2325 862 2412 ἀλλήλους
883 2329 1038 2408 ουμμῖξαι
1061 2323 1147 2391 nain

32 2429 197 2507 ιαραυτίκα
220 2430 453 2514 διαζευχθῆναι
474 2428 628 2512 ἀλλήλων,
650 2428 706 2493 arni
727 2427 781 2493 τόν
797 2433 857 2510 μὲν
872 2429 926 2492 s'ni
945 2425 1004 2512 τήν
1024 2427 1116 2490 πόλιν

33 2531 135 2612 trista,
152 2528 206 2593 τὸν
228 2531 263 2594 δὲ
284 2531 339 2594 iai
359 2527 417 2615 τήν
441 2529 568 2620 Θρᾴκην
590 2532 772 2614 διαπτήναι.
814 2531 905 2595 rorico
924 2523 952 2592 oi
976 2525 1117 2614 ἀκριβῶς

79 2720 134 2775 ι20.
155 2723 277 2795 κλάγξαι
291 2725 447 2792 anonymus

33 2894 149 2950 ›ercute3
169 2895 197 2939 et
215 2885 429 2940 Christianorum
449 2887 572 2940 dexteras
591 2888 671 2939 unius
691 2885 982 2939 lideiClaristianorum
1002 2881 1115 2951 sangui-

33 2959 100 3010 ibns
119 2974 154 3010 ne
174 2961 314 3027 permittas
332 2960 430 3028 pollui.
479 2958 558 3010 horno
577 2961 680 3028 quippe
699 2974 744 3020 es,
765 2967 794 3009 et
811 2966 924 3009 mortem
944 2955 1003 3024 ipse
1022 2963 1050 3006 et
1070 2969 1116 3006 re·

33 3032 216 3081 arrectionem
244 3039 271 3080 et
297 3047 407 3100 operum
433 3031 641 3083 retributionem
671 3029 860 3098 praestolaris3
888 3025 1026 3094 hodieque
1055 3041 1115 3075 cum

34 3102 129 3163 ninias,
149 3101 279 3152 crastinus
292 3101 349 3152 dies
368 3105 396 3152 in
411 3101 548 3169 pulverem
569 3109 596 3152 te
608 3101 738 3152 resolvet:
759 3099 843 3150 febris
857 3099 901 3148 vel
917 3097 996 3148 unica
1008 3113 1114 3148 ornnem

34 3175 162 3240 retinguet
189 3173 353 3224 iactantiam.
399 3189 479 3242 quam
502 3173 586 3240 igitur
611 3171 646 3222 arl
676 3171 719 3222 dci
740 3168 1044 3232 tribunalconstitutus
1065 3183 1114 3234 pro

34 3244 147 3294 aedibus
165 3243 274 3296 iniustis
292 3243 344 3294 deo
369 3242 466 3296 reddes
484 3243 634 3294 rationem?
679 3259 734 3312 quo
753 3242 829 3293 vultu
849 3241 876 3290 in
897 3237 1066 3290 tremendum
1086 3244 1115 3288 et

34 3323 118 3366 astum
140 3313 256 3365 iudicem
276 3316 370 3366 oculos
389 3313 532 3366 intendes?
568 3315 589 3365 si
611 3312 767 3365 divitiarum
778 3310 927 3382 cupiditate
945 3308 1042 3360 ductus
1062 3307 1115 3358 hoc

34 3387 82 3454 gis,
101 3401 153 3452 'ego
183 3385 388 3438 adeatietatem
417 3401 518 3456 usque,
538 3401 570 3435 eo
590 3383 664 3456 quod
691 3383 838 3444 desideras,
857 3379 988 3450 implebo.
1025 3379 1114 3430 solum

34 3458 129 3508 natine
147 3455 294 3518 dexteram,
315 3456 479 3525 amplectere
503 3472 604 3525 pacem,
625 3454 709 3524 dilige
727 3453 909 3514 concordiam,
930 3460 960 3504 ut
979 3457 1007 3502 et
1024 3457 1053 3501 tu
1072 3450 1115 3500 vi-

34 3545 70 3578 am
90 3544 153 3594 agas
167 3529 340 3598 tranquillam
354 3537 382 3580 et
398 3527 590 3580 sollicitudinis
609 3533 757 3596 expertem,
776 3534 803 3577 ct
820 3520 1022 3576 calamitatibus
1043 3538 1116 3571 non·

35 3598 86 3650 ihil
105 3599 251 3650 Christiani
278 3599 463 3651 subleventur.
507 3599 585 3651 nefas
603 3599 675 3648 enim
704 3605 745 3650 est
764 3596 890 3648 adversus
910 3591 1030 3644 eiusdem
1051 3589 1116 3641 fidei

35 3670 142 3721 omines
162 3679 188 3722 te
207 3687 278 3722 arma
297 3674 431 3722 movere.”
468 3669 510 3721 his
532 3668 611 3722 dictis
628 3670 776 3737 imperator
793 3667 887 3719 tacuit.
926 3666 1036 3716 Simeon
1056 3662 1115 3714 eius

34 3739 232 3792 roderationem
253 3749 280 3793 et
300 3743 358 3792 eius
378 3757 514 3792 terniones
532 3759 590 3792 cum
616 3739 779 3792 verecundia
797 3739 908 3790 miratus
926 3751 1019 3805 pacem
1039 3748 1115 3785 com-

34 3813 82 3862 oni
103 3813 208 3862 anuuit.
247 3827 308 3862 cam
328 3814 408 3880 igitur
426 3811 478 3863 sibi
497 3813 556 3864 vale
576 3811 717 3873 dixissent,
739 3801 931 3869 discesserunt,
951 3806 1115 3876 imperatore

34 3883 163 3950 regnificis
183 3883 338 3934 ranneribus
363 3883 517 3934 Simeonem
544 3883 710 3934 cumulante.
755 3879 830 3951 quod
848 3895 910 3930 vero
934 3884 998 3929 tunc
1016 3874 1116 3926 accidia

35 3952 130 4004 arrabo
149 3953 301 4021 prodigium
315 3971 406 4005 eorum
424 3957 504 4005 etiam
526 3954 574 4024 qui
592 3953 659 4004 haec
678 3950 829 4003 diiudicant
847 3948 926 4001 fidem
940 3963 1114 4017 exsuperaus.

35 4022 183 4092 rincipihus
204 4025 307 4094 raaippe
325 4025 546 4095 colloquentibus
565 4025 669 4094 aquilas
688 4022 753 4074 duas
778 4021 894 4090 desuper
913 4021 986 4089 ipsos
1007 4017 1114 4068 volasse

35 4103 181 4164 raestoque
208 4094 349 4147 advenisse
377 4095 459 4147 etad
488 4097 603 4146 invicem
622 4093 777 4146 commistos
801 4093 903 4156 dicunt,
924 4099 951 4142 et
970 4089 1113 4141 confestim

35 4167 49 4220 b
70 4165 188 4220 invicem
203 4165 361 4231 disiunctas,
379 4165 449 4220 lraac
467 4165 577 4240 quidem
597 4166 631 4220 ed
656 4161 752 4220 urbem
771 4162 911 4220 advolasse
921 4199 933 4236 ,Ι
946 4162 1028 4215 aliam
1046 4175 1110 4214 vero
