2826 4868
256 264 331 340 408
680 269 931 335 nosramrns

252 425 536 512 τρρόνΒιισιλειον,
558 415 661 506 ἄνδρα
674 419 797 504 θερμόν
817 421 872 484 καί
891 411 956 482 οἷον
975 417 1163 495 καθομιλεῖν
1184 411 1262 490 νοός
1283 435 1346 476 και.

252 525 331 608 ροός
351 521 394 599 ιδς
423 522 457 588 τό
479 526 555 608 παρ’
583 513 669 608 adripi
688 516 881 601 βουλόμενον
901 515 1038 602 ἔκρινεν,
1070 509 1105 588 ός
1127 515 1189 577 τοῦ
1208 512 1345 597 μεγόλοο
1371 549 1374 556 ·

253 625 428 690 Θεοδοσίου
460 625 518 706 τῆς
548 617 643 707 φίλης
665 613 913 702 καθαρειότητος
938 614 1106 700 γενομένου
1137 614 1344 695 ἀντεισῆκται,

253 721 298 788 όν-
315 722 332 785 ό
350 719 554 806 Ἀνδρόνικος
575 713 673 804 ἤθελε
692 718 749 782 καί
771 715 977 802 (ἀνακάμψαι
1003 711 1062 798 τὴν
1085 709 1223 800 φράσιν)
1247 708 1281 786 tr
1299 713 1346 776 τόν

249 821 449 904 Ἀνδρόνικον
468 814 598 905 ἤθελεν,
619 818 654 882 ἓν
672 821 768 898 μένος
796 806 884 880 οὗτοι
902 815 1046 890 πνέοντες
1065 812 1121 878 καί
1139 805 1208 877 οἷον
1231 813 1274 876 δι’
1295 809 1363 878 rii-⁵

251 919 356 1004 λῆλοιν
388 916 516 1004 ἥκοντες
545 915 623 983 κατά
642 939 714 982 τινα
746 912 893 1000 σόντηξιν
913 907 1036 998 ἤθους,
1058 911 1114 978 καί
1128 912 1343 991 καυτιζόμενοι

251 1031 322 1096 ταῖς
353 1011 400 1084 σόν
434 1015 586 1102 ἔπραττον
614 1015 790 1100 αἱρέσεσιν,
819 1053 861 1068 -
882 1011 965 1080 οότοσ
987 1012 1026 1098 δὴ
1049 1007 1107 1079 σόν
1127 1011 1343 1097 προσειληφός

252 1123 308 1184 καί
327 1125 439 1185 τοῦτον
460 1117 562 1183 δικῶν
584 1115 718 1204 positam
738 1116 907 1202 ρινηλότης
927 1118 1092 1198 λογοθότες
1111 1112 1222 1198 (τοῦτό
1234 1135 1271 1176 τε
1290 1114 1342 1196 γόρ

251 1217 387 1303 ἐτιμήθη
415 1219 472 1284 καί
489 1217 524 1283 τό
548 1215 703 1298 σεβαστός
722 1220 898 1300 κληθῆναι,
919 1214 958 1277 od
979 1213 1081 1299 δήπου
1105 1217 1164 1278 καί
1179 1206 1227 1278 τόν
1247 1215 1341 1277 τοιοό·

251 1341 304 1394 τος
331 1317 409 1402 πρὸς
429 1320 594 1404 πρᾶγμα),
616 1311 727 1399 ἥκουσι
748 1313 835 1400 παρό
864 1313 917 1380 τόν
934 1311 1133 1396 Ἀνδρόνικον
1153 1311 1213 1397 τόν
1234 1333 1369 1394 τυρτν.ρρ

251 1420 325 1482 vido
344 1417 632 1500 χοροβατήοαντες,
656 1412 742 1480 δεινό
769 1421 871 1479 ποιεῖν
890 1416 1006 1478 ἐκεῖνον
1026 1416 1265 1497 λογοποιοῦντες
1286 1437 1342 1478 κοι-

251 1517 291 1604 νῇ
311 1516 355 1594 ὥς
374 1519 409 1580 ἐν
430 1515 640 1599 ἐπικλὴματος
656 1515 751 1602 λόγιρ,
773 1515 805 1578 εἰ
821 1511 896 1590 νοός
911 1513 1000 1602 αότιρῖ
1017 1515 1249 1588 πιστευθέντας
1268 1510 1342 1594 παρό

212 1627 216 1640 ’
251 1618 332 1679 θεοῦ
352 1613 541 1698 περιόψεται
560 1615 740 1696 ὀλομένους,
762 1613 816 1678 καὶ
836 1613 874 1677 ori
893 1613 992 1695 μόνον
1013 1610 1105 1677 πόλιν
1124 1601 1247 1697 ταύτην
1265 1618 1342 1696 pepi·

252 1739 339 1800 orqv,
364 1709 446 1778 ἄλλό
469 1717 525 1778 uui
544 1708 625 1780 όσοον
644 1716 754 1797 μεροῖν
775 1711 857 1796 αὐτὴ
879 1710 988 1796 ἔχεται
1011 1715 1092 1796 πρός
1110 1735 1148 1778 τε
1170 1709 1265 1796 ἥλιον
1288 1713 1342 1777 dri·
1396 1741 1398 1758 ⁴

253 1835 371 1896 σχονεοι
390 1813 446 1878 κατ’
465 1811 546 1895 πρός
566 1809 693 1894 δυσμὰς
716 1815 771 1876 κατ’
791 1807 853 1878 ὅσα
872 1812 978 1877 λοιπά.
1021 1813 1077 1876 καί
1100 1813 1278 1893 ἐσόμνυνον
1295 1817 1376 1893 niret
1397 1865 1398 1886 p

254 1912 311 1977 τόν
332 1915 448 1997 μικρόν
475 1918 612 1995 βασιλέα
639 1910 717 1978 καεό
738 1910 828 1996 γετό
852 1907 950 2000 priore
970 1909 1077 1997 καλόν,
1097 1910 1180 1994 πρός
1206 1915 1244 1977 δέ
1265 1936 1299 1996 γε
1314 1910 1340 1976 τό

255 2011 362 2096 παρόν
394 2014 489 2079 ον’δὲν
520 2011 608 2097 ἱερόν
639 2010 739 2077 τιν’τόν
764 2009 906 2100 ἔφασκον
925 2005 1023 2098 εἶναι,
1043 2011 1100 2075 arni
1122 2013 1340 2095 ἀπεδοκίμαζον

257 2110 471 2196 μονούμενον,
502 2115 558 2178 καί
579 2117 777 2199 ,προέπιπτον
807 2105 893 2201 adripi
914 2115 977 2176 τοῖν
994 2114 1099 2177 ποδῶν
1131 2110 1163 2177 οἱ
1183 2113 1243 2194 τὴν
1265 2117 1342 2176 κολα·

256 2217 345 2278 κείαν
375 2213 590 2297 περιττότερον
622 2215 793 2297 πεισθῆναι
824 2212 870 2287 εἰς
899 2215 1065 2294 βασιλείαν
1097 2210 1154 2276 noi
1174 2215 1241 2276 τῶν
1260 2210 1346 2292 αότῆς

258 2311 356 2396 ἠνίων
376 2312 681 2397 σννεπιδρόξαοθαι,
700 2309 746 2395 μή
768 2311 824 2375 κατ’
844 2309 925 2374 κατὰ
947 2314 1053 2392 μῦθον
1078 2307 1094 2375 ὃ
1116 2314 1247 2388 νεανίας
1267 2301 1375 2384 odrina

260 2415 410 2493 Φαέθων,
431 2410 569 2494 ἀτέχνως
584 2410 619 2478 τό
642 2406 732 2496 όρμα
748 2411 802 2495 τῆς
826 2413 929 2494 α’ρχῆς
949 2412 1179 2500 χειριζόμενος,
1202 2415 1302 2488 κακοῖς
1320 2407 1349 2476 τό

260 2513 323 2574 πᾶν
344 2508 542 2597 διαθήσεται.
569 2507 621 2576 ὅτε
642 2514 678 2577 di
700 2514 755 2576 καί
769 2513 833 2576 τοῖν
854 2514 960 2576 ποδοῖν
980 2512 1194 2596 ἀπαλλαγεῖεν
1212 2513 1270 2576 τοῦ
1289 2513 1350 2578 'Ar-

263 2785 347 2838 faetio
367 2793 485 2848 renatus,
506 2795 537 2839 ut
555 2787 680 2852 diximus,
700 2789 799 2841 eximie
821 2797 915 2858 parata
932 2788 968 2840 ad
987 2789 1061 2841 illiue
1081 2789 1231 2860 sororem).
1252 2799 1280 2844 et
1297 2810 1351 2844 vero

263 2857 370 2928 perdita
394 2857 482 2926 piebie
505 2859 608 2928 capita,
634 2867 775 2928 praeterea
802 2862 849 2932 qni
875 2869 932 2912 tum
962 2859 1114 2930 patriarcha
1142 2871 1219 2924 erat,
1244 2880 1351 2934 nequam

264 2928 404 2989 Baeiiiurn,
425 2928 520 2979 fervidi
549 2931 652 2998 ingenii
669 2933 756 2983 virum
781 2940 810 2982 et
826 2932 924 2982 sactum
943 2931 978 2982 nd
997 2931 1114 2999 regenda
1135 2940 1273 3003 tempora,
1292 2937 1352 2987 aient

265 2999 318 3070 ipsi
334 2998 472 3068 placeret,
499 3000 546 3069 qui
579 3001 608 3051 in
636 3002 725 3053 locum
752 3002 842 3071 magni
868 3001 1018 3054 Theodosii
1045 3003 1074 3052 in
1092 3002 1204 3056 beatam
1222 3006 1292 3057 coeli
1308 3024 1351 3076 pu·

266 3071 373 3120 ritatem
407 3072 508 3139 recepti
541 3080 682 3139 promotue
706 3082 779 3137 erat,
811 3075 948 3143 expetitae
975 3073 1009 3124 nb
1042 3073 1220 3139 Andronico,
1248 3087 1277 3130 et
1303 3077 1352 3147 ipre
1396 3133 1398 3138 ,

266 3142 380 3192 invicem
400 3139 584 3193 Andronicum
603 3151 750 3214 expetens,
780 3161 862 3194 unam
879 3143 923 3196 ilii
948 3145 1063 3196 animam
1083 3146 1221 3215 spirantes
1239 3156 1269 3201 et
1286 3147 1353 3220 qnasi

266 3211 375 3264 conflati
394 3212 497 3280 ingenii
516 3212 632 3283 quadarn
653 3213 844 3278 rimiiitudine,
866 3223 894 3266 et
908 3209 1079 3266 consiliorum
1093 3221 1353 3271 communionecon-

267 3281 381 3346 corder,
399 3311 436 3324 -
457 3285 583 3335 aarumait
607 3283 689 3352 igitur
714 3283 788 3336 huno
812 3301 924 3356 quoque
952 3285 1121 3356 perditorum
1146 3287 1293 3342 hominum
1316 3293 1353 3342 in-

268 3352 380 3420 dagator
404 3353 542 3421 logotheta
573 3356 617 3423 (eo
640 3355 714 3407 enim
738 3355 843 3408 honore
870 3363 978 3409 ornatur
1001 3365 1059 3409 erat
1077 3365 1105 3408 et
1122 3357 1227 3412 eebaati
1245 3363 1354 3422 nomine,

268 3425 380 3475 minima
400 3439 434 3476 eo
452 3424 549 3493 dignun
566 3426 704 3496 nomine),
720 3425 823 3479 adeunt
844 3443 877 3478 ua
899 3429 989 3479 cuncti
1007 3427 1203 3493 Andronicum,
1221 3433 1354 3503 imperinm

269 3495 348 3563 quari
371 3494 454 3546 choro
481 3495 629 3560 docenter,
648 3498 760 3549 iniuriae
788 3445 894 3550 retiice't
916 3498 1046 3550 minuturi
1070 3507 1098 3550 et
1123 3499 1356 3570 exprobraturi,ei
1387 3513 1398 3606 ρ

269 3567 426 3617 commiaaoa
444 3564 497 3617 eibi
517 3584 532 3618 a
551 3565 603 3618 deo
621 3567 744 3620 hominen
761 3570 851 3638 perire
875 3577 1024 3638 pateretur,
1040 3585 1097 3621 non
1116 3572 1206 3622 solum
1224 3577 1357 3626 maxim

265 3635 339 3688 Ιιασσ
361 3638 516 3700 civitatem,
536 3638 585 3688 aed
612 3641 693 3691 etiam
722 3655 871 3708 quaecum
891 3655 922 3691 ea
949 3642 1110 3693 coniunctae
1128 3653 1223 3696 essent
1241 3646 1360 3714 regione}

269 3707 304 3758 ad
323 3708 455 3759 orientem
474 3717 651 3771 atomorum,
669 3727 700 3761 ao
719 3711 824 3780 reliqua
843 3711 944 3763 omnia.
969 3728 1013 3768 „ac
1034 3712 1237 3766 venerabantur
1258 3715 1357 3787 quidem

269 3780 457 3848 imperatorem
475 3795 589 3848 puerum
613 3797 663 3850 pro
685 3780 818 3848 dignitate
844 3783 964 3850 generis,
987 3781 1035 3834 red
1060 3782 1094 3833 ad
1112 3801 1240 3853 praesens
1260 3797 1358 3858 temper

264 3849 341 3900 ¹nihii
360 3865 420 3902 eom
435 3858 633 3902 sacrosanctam
652 3869 710 3903 orae
724 3851 861 3914 dicebant,
881 3852 1097 3924 reiiciebantque
1110 3872 1181 3920 eum,
1196 3859 1218 3909 si
1239 3861 1278 3910 ita
1293 3859 1356 3911 roior

269 3921 476 3990 relinqueretur,
495 3929 523 3974 et
538 3923 755 3990 procumbebant
774 3923 808 3973 ad
826 3923 973 3974 Andronici
995 3925 1080 3994 peden
1099 3926 1268 3982 adulationis
1286 3927 1356 3999 periti

270 4001 459 4062 roganteaque,
476 4001 507 4044 ut
523 4011 577 4044 nna
589 4009 648 4044 curn
665 3995 715 4045 illo
732 4011 841 4062 regnam
863 3995 1011 4064 aueuiperet
1030 4005 1058 4048 et
1075 3995 1197 4051 habenae
1216 4007 1356 4072 capesseret

271 4061 387 4130 imperii,
403 4079 438 4115 ne
452 4063 609 4116 adoleroeue
626 4065 679 4117 iete
700 4065 850 4127 Phaethon,
869 4074 900 4118 ut
918 4067 946 4117 in
961 4065 1115 4134 suboleret,
1133 4085 1241 4123 currum
1262 4070 1356 4141 inperii

272 4147 363 4202 regere
377 4143 498 4198 conatur,
516 4137 614 4188 minere
626 4138 715 4189 omnia
733 4144 875 4190 everteret.
895 4135 995 4189 deinde
1007 4147 1098 4191 autem
1118 4157 1203 4212 quum
1218 4159 1231 4194 a
1250 4141 1356 4214 pedibu
