2828 4874
354 341 355 344 γ
430 287 481 348 γ’
549 275 698 342 noran.
888 297 891 312 ¹
1098 267 1171 347 519

160 428 202 494 36
244 429 335 492 troius
368 430 565 504 Constantini
592 431 798 494 constantium
828 436 924 512 atque
945 449 1076 510 operam
1097 453 1176 508 con-

76 515 233 580 firmando
254 514 431 596 Theophiio
454 515 585 598 pulchre
614 523 742 578 enarrat
765 509 905 575 laudatus
927 520 1050 577 auctor.

160 615 199 680 37
241 611 277 677 sd
314 613 573 694 Σαξιμοδὲξιμον]
609 616 735 698 exponit
766 614 971 676 continuator
991 613 1068 696 quid
1093 613 1175 678 istud

75 701 109 762 in
131 721 170 762 eo
194 699 282 762 sonte
303 708 391 762 esset.

161 797 203 878 38
245 795 355 881 osiro'r]
377 797 486 860 melius
509 795 612 876 αὐτοί,
635 797 783 881 deestque
798 819 858 859 vox
871 798 985 948 alipes,
1007 819 1070 880 qua
1085 819 1178 880 prae.

77 893 129 947 ter
157 881 296 945 subditos
327 884 439 954 Persas,
471 882 522 944 atii
560 883 775 966 significentur
808 884 920 964 Theop
945 881 1008 944 obo
1048 880 1176 946 addicti.

77 968 211 1030 Amastri
243 966 412 1030 consedisse
441 960 521 1044 μετὰ
542 968 636 1030 κινῶν
658 965 808 1044 ἐκκρίτων
836 965 963 1047 ἀνδρῶν
985 965 1081 1029 habet
1102 989 1177 1028 eno-

76 1073 206 1198 ¹¹ii¹¹¹⁸t
228 1073 299 1114 ⁰⁰³¹
331 1050 1179 1198 Th⁰⁰ph¹¹⁰,tttftt„tbtttttttttdtt

76 1157 537 1303 tttfftttttttttttt.
589 1159 624 1198 ⁵⁰
916 1157 935 1217 ¹²

163 1318 204 1382 39
226 1320 265 1403 τῇ
280 1319 316 1383 δὲ
332 1314 359 1381 α’
373 1319 522 1403 κυριακῇ]
542 1317 665 1382 videtur
679 1321 731 1382 hic
745 1319 854 1396 hiatus,
877 1327 913 1379 ut
925 1319 1053 1400 incipiat
1067 1329 1181 1398 auctor

80 1405 202 1466 reterre
224 1404 385 1465 historiam
407 1405 612 1466 restitutionis
635 1406 803 1488 imaginum
824 1404 928 1485 prima
949 1403 1000 1464 itia
1024 1403 1180 1465 dominica

78 1488 344 1572 quadragesimae,
371 1509 464 1571 quam
491 1489 595 1550 muttis
628 1491 831 1552 continuator
852 1489 926 1548 Vat-
951 1490 1178 1589 prosequitur,

77 1574 135 1633 nisi
158 1573 347 1654 compendio
381 1572 425 1633 sic
451 1575 514 1636 Leo
542 1573 675 1655 scripsit.
725 1568 782 1654 τὴν
802 1572 969 1653 ἐκκλησίαν
999 1571 1180 1651 εἰρηκευσεκ

75 1655 114 1736 τῇ
136 1651 165 1716 o'
187 1657 323 1742 κυριακῇ
341 1655 403 1718 τῶν
425 1649 523 1736 ἁγίων
544 1657 695 1738 νηστειῶν
716 1657 862 1718 ecclcsiae
879 1675 992 1739 pacem
1011 1658 1178 1740 composuit

74 1739 238 1800 dominica
253 1743 363 1822 prima
411 1739 665 1823 oadragesimae.
708 1749 776 1801 tnm
796 1748 946 1826 sequatur
966 1739 1005 1801 de
1027 1739 1179 1802 Theocti-

75 1824 117 1893 sti
140 1822 360 1905 expeditione:
382 1825 563 1886 ακέστειλεν
585 1822 620 1884 δὲ
642 1815 844 1886 (dedentem.

163 1921 204 1986 40
247 1922 303 1985 καί
327 1919 385 2004 τήν
408 1919 541 2005 φυγάδα
569 1924 609 1985 sit
628 1923 683 1983 καί
703 1917 760 2003 τὴν
788 1916 895 2005 φυγήν
917 1921 952 1983 δὲ
976 1929 1099 2002 recep]
1116 1924 1180 2004 jis·

72 2027 210 2091 gensque
229 2009 400 2090 expedivit,
422 2007 552 2068 assiliens
566 2009 738 2091 Angzscam
750 2009 847 2068 alium
869 2007 1089 2091 imperatorem
1109 2026 1179 2067 cre.

73 2113 161 2152 asse:
187 2093 239 2152 cni
260 2093 343 2154 forte
365 2091 536 2173 nupsisset,
558 2091 604 2154 uti
627 2093 657 2152 in
680 2090 894 2173 superioribus
924 2100 954 2150 et
977 2090 1179 2174 sequentibus

76 2197 143 2236 non
165 2175 277 2236 desunt
301 2197 380 2258 quae
407 2176 451 2236 sic
474 2175 634 2258 assumptis
665 2175 696 2235 in
719 2175 848 2235 maritos
872 2173 996 2256 imperii
1020 2176 1099 2236 taces
1122 2173 1180 2233 de.

78 2259 197 2333 tutere;
227 2258 323 2343 idque
344 2259 528 2321 Theoctisto
562 2259 786 2334 formidabite,
811 2257 865 2341 qui
889 2260 1023 2339 puerulo
1044 2259 1180 2340 impera-

77 2353 162 2415 tore,
188 2365 224 2404 ac
247 2354 347 2406 matre
368 2347 512 2427 Augusta,
535 2365 652 2404 sumine
676 2345 705 2403 in
729 2343 799 2403 aula
822 2343 1012 2403 auctoritate
1033 2341 1180 2424 polleret.
1273 2421 1277 2430 Ι

79 2426 157 2488 nihii
179 2449 254 2510 ergo
289 2447 411 2490 necesse
442 2435 554 2492 contre
574 2437 674 2490 textus
699 2426 792 2488 fidem
821 2425 978 2505 reddere,
1011 2429 1180 2508 Artgustam

80 2511 297 2592 urbesugisse.

161 2611 201 2674 41
246 2605 299 2674 τὸν
322 2604 420 2673 ov’rdr
439 2603 549 2689 πάλιν]
573 2611 647 2672 nihil
661 2610 712 2672 hie
728 2609 878 2688 hiuicnm,
899 2611 952 2672 sed
977 2617 1049 2692 post
1069 2631 1179 2671 vocem

76 2696 209 2776 φανείς,
241 2705 275 2755 ut
296 2696 394 2757 fuerit
422 2695 581 2778 descripta
602 2697 665 2756 eins
686 2697 715 2756 in
753 2698 863 2757 urbem
883 2697 1035 2776 receptio,
1056 2693 1179 2756 tametsi

77 2801 147 2840 rem
169 2778 212 2839 sic
235 2781 316 2841 male
343 2779 375 2840 in
402 2782 496 2842 Creta
527 2777 682 2862 gesserat,
711 2789 924 2861 sequaturque
959 2779 1096 2842 iniuncta
1120 2777 1178 2838 ntia

75 2862 257 2943 expeditio,
280 2865 310 2924 in
334 2885 396 2948 qua
420 2863 497 2924 nihii
519 2864 637 2924 felicius
666 2865 788 2924 cessisse
808 2863 990 2924 Theoctisto
1014 2863 1079 2945 ipsa
1102 2860 1180 2922 haee

73 2946 188 3010 Leonis
211 2948 319 3008 mutila
341 2947 491 3024 indicant,
516 2948 556 3007 ob
575 2946 653 3007 illius
674 2947 870 3008 severitatem
895 2945 1031 3029 odioque
1054 2945 1086 3006 iu
1108 2967 1179 3007 eum

46 3109 53 3116 .
80 3029 265 3115 quibusdam
289 3031 474 3114 proceribus
497 3032 536 3091 ad
557 3032 727 3092 Saracenos
757 3028 980 3091 deficientibus.

157 3131 199 3194 42
241 3123 427 3210 ἀπέχθειαν]
462 3153 631 3214 anonymus
659 3131 716 3192 ista
739 3132 929 3214 suppressit,
950 3140 986 3191 ut
1006 3139 1038 3192 et
1058 3129 1179 3194 Cedre-

23 3295 24 3300 η
77 3237 136 3278 nus
159 3214 219 3276 viri
242 3215 325 3276 sorte
349 3217 534 3294 reverentia,
557 3237 651 3300 quem
674 3237 753 3298 pene
776 3227 940 3278 auctorem
963 3214 1179 3277 restitutarum
1245 3241 1247 3246 ·

76 3299 248 3383 imaginum
272 3310 456 3382 agnoscunt.

163 3397 206 3460 43
247 3395 265 3459 ri
299 3395 425 3482 Κύμης]
455 3399 601 3461 emendat
625 3399 660 3460 P.
686 3401 783 3477 Goar,
806 3423 869 3462 non
904 3401 1004 3461 bene:
1039 3400 1066 3460 is
1093 3399 1177 3461 enim

80 3483 140 3542 iam
164 3485 311 3562 obierat,
343 3485 451 3565 primis
473 3485 539 3546 fere
558 3486 671 3547 Leonis
694 3485 823 3546 Armeni
847 3486 955 3559 annis,
976 3507 1012 3546 nc
1032 3483 1107 3544 dum
1126 3483 1178 3544 in-

75 3577 202 3648 gentem
233 3569 317 3629 itiam
338 3567 568 3650 expeditionem
590 3569 702 3629 urbem
724 3591 887 3630 eversurus
911 3577 1014 3650 parat,
1039 3570 1085 3630 uti
1101 3569 1177 3649 Reg.

76 3674 249 3735 anonymus
271 3674 384 3733 supra;
416 3661 548 3735 eratque
572 3654 631 3714 iam
654 3653 810 3716 Baidimer
842 3653 920 3714 iliius
944 3674 1041 3735 nepos
1063 3651 1178 3734 Buiga-

79 3756 191 3796 rorum
214 3737 370 3818 princeps,
393 3747 429 3798 ut
446 3739 509 3798 Leo
532 3737 598 3820 ipse
621 3738 682 3798 iam
705 3736 832 3800 dixerat.
855 3758 948 3820 quem
965 3739 1016 3798 hic
1041 3736 1179 3796 Micha'e'.

77 3821 138 3881 lem
152 3820 319 3900 Bulgarum
341 3830 443 3896 vocat,
468 3843 541 3881 num
558 3822 623 3904 ipse
645 3825 685 3883 sit
708 3843 800 3904 quem
815 3823 911 3904 panio
933 3831 1006 3884 ante
1023 3819 1180 3880 Beldime·

78 3925 145 3964 rem
159 3903 388 3985 appellaverat?
410 3925 468 3988 ego
488 3905 532 3967 sie
548 3918 626 3987 puto
650 3916 805 3987 occupato
821 3928 891 3968 eum
912 3926 1044 3985 vocasse,
1068 3906 1123 3964 etsi
1147 3910 1180 3964 et

76 3986 154 4048 illud
171 3997 279 4069 postea
298 4010 411 4048 nomen
429 3991 459 4048 in
474 3990 629 4070 baptismo
646 3991 766 4071 aceepit
784 4013 801 4052 a
817 3988 968 4052 Michaele
989 3988 1179 4070 impositum,

78 4071 126 4132 uti
148 4072 283 4133 habetur
300 4093 327 4152 p.
342 4067 414 4134 462.
438 4095 501 4156 quo
522 4073 615 4136 etiam
638 4073 708 4136 loco
730 4086 760 4136 et
780 4086 851 4137 ante
868 4073 1056 4154 baptismum
1069 4069 1176 4134 endem

78 4156 287 4239 occupatione
308 4155 439 4218 Michaiii
463 4168 657 4242 nuncupatus
681 4159 848 4224 invenitur.
892 4157 1052 4220 Cedrenus
1069 4154 1177 4218 Crumi
