2828 4874
576 1083 648 1155 AD

61 1313 426 1414 uuonrs
499 1205 1160 1428 ennnnniror

194 1567 319 1644 virts
355 1567 670 1648 RECENTIORUM
702 1571 1056 1654 melienorum

203 1783 253 1848 Fu.
275 1783 450 1870 Furncrscr,
462 1787 612 1852 conseris
637 1787 759 1853 Ordinis
778 1747 1021 1859 Pmedicbiorum

289 1987 301 2042 2
372 1951 628 2038 Congregationis
647 1956 678 2020 S.
698 1955 862 2039 bedonio,

368 2143 414 2238 N
475 2141 520 2236 Ο
580 2147 621 2237 Τ
681 2153 724 2238 Α
783 2149 835 2239 Ε.

471 2353 745 2366 Wa—

59 2491 187 2582 Leonis
210 2521 417 2584 Grammatici
445 2545 483 2583 un
518 2531 601 2586 extet
623 2532 862 2586 monumentum
897 2525 982 2586 aliud
1016 2533 1071 2588 aut
1091 2549 1161 2589 nse-

27 2609 31 2618 '
59 2604 175 2682 moria,
194 2626 244 2666 me
267 2607 353 2668 lutet.
396 2607 488 2669 fuisse
509 2628 581 2686 eum
601 2629 770 2690 supparem
794 2607 851 2670 iliis
872 2629 1011 2692 quorum
1037 2633 1084 2672 res
1106 2634 1164 2694 ge-

55 2699 120 2750 stas
142 2701 328 2770 prosecutus
351 2698 420 2768 est,
455 2689 519 2772 ipsu
541 2691 731 2774 subscriptio
766 2691 849 2754 clare
870 2691 995 2755 indicat.
1040 2717 1114 2756 num
1139 2697 1162 2755 is

56 2774 129 2856 ipse
148 2773 188 2834 sit
212 2774 297 2834 cuius
320 2775 460 2836 meminit
474 2773 633 2836 Cedrenus
649 2777 738 2837 initio
758 2775 915 2853 historiae,
931 2777 1029 2840 Λέων
1053 2773 1163 2841 o‘Ke-

53 2855 143 2938 ρίας,
166 2857 348 2919 coniectura
372 2879 435 2918 non
459 2857 534 2919 levis
558 2860 663 2937 fuerit,
688 2881 759 2920 cum
783 2861 883 2942 ipsum
897 2862 1011 2922 Leonis
1036 2883 1160 2942 nomen,

55 2949 129 3000 turn
152 2941 239 3022 quod
263 2943 322 3004 alta
346 2963 383 3002 uc
400 2939 553 3023 tantisper
577 2941 748 3004 recentiori
764 2965 857 3004 manu
879 2942 1053 3006 subiectum
1078 2955 1162 3008 extat

55 3024 104 3086 illi
130 3024 354 3106 subscriptioni
378 3026 409 3084 in
436 3027 512 3108 Reg.
535 3026 605 3087 cod.
630 3025 725 3087 Λέων
748 3023 902 3104 πρόεδρος
923 3023 979 3086 καὶ
998 3025 1074 3102 bot}
1097 3031 1161 3092 sois

54 3109 281 3186 κιβυραιωτῶν
305 3103 323 3168 ὁ
346 3104 576 3188 Herdonium,
599 3111 655 3170 καί
678 3107 789 3180 οἰκεῖος
810 3099 980 3189 ἅνθρωπος
1002 3112 1061 3172 τοῦ
1083 3134 1160 3192 xpu-

53 3185 233 3256 ratuinus*
261 3189 387 3272 πρώτου
420 3188 510 3270 ἡμῶν
528 3191 697 3270 βασιλέως.
753 3192 909 3254 adiectum
932 3195 1013 3256 enim
1036 3196 1097 3256 boc
1120 3197 1159 3259 ud

55 3283 225 3336 auctorem
239 3274 460 3359 designandum
473 3275 530 3336 sibi
554 3276 622 3360 quis
641 3275 731 3336 facile
744 3277 940 3357 persuadent.
966 3280 1082 3362 Cibyra
1097 3280 1159 3342 Pii.

55 3358 113 3419 nio
127 3359 237 3420 Carine
257 3368 312 3437 est,
335 3359 391 3420 etsi
407 3358 647 3443 aliistrygiae,
670 3379 750 3444 quae
771 3369 841 3420 sunt
863 3362 1004 3444 regiones
1029 3363 1159 3428 vicinae.

55 3451 91 3504 ut
111 3463 186 3502 num
206 3445 302 3528 magis
323 3441 403 3505 istud
415 3443 567 3505 Vaticano
591 3465 627 3506 uc
640 3443 815 3506 Barberino
829 3445 1055 3507 ‘continuatori
1078 3469 1158 3508 uno.

55 3547 154 3610 uymo
177 3529 353 3603 conveniet,
375 3549 467 3610 quem
490 3537 522 3589 et
531 3526 687 3590 Cedrenus
708 3529 880 3614 praecipue
901 3539 975 3611 post
987 3530 1158 3614 Theopbn'.

55 3631 130 3672 nem
153 3612 303 3695 sublegit,
336 3611 464 3674 haereo.
519 3613 541 3673 is
573 3633 707 3695 nemque
736 3631 810 3674 vere
830 3613 1039 3695 imperatoris,
1062 3625 1158 3698 utque

56 3693 92 3755 id
111 3695 219 3778 primi,
256 3695 414 3757 familiaris
439 3695 507 3772 fuit,
533 3696 579 3757 uti
601 3695 701 3778 liquet
722 3717 758 3758 ex
783 3697 960 3777 prooemio,
984 3719 1157 3782 quosnam

56 3777 102 3839 ilii
128 3777 289 3841 historiam
322 3801 358 3840 uc
393 3781 606 3842 recentiorum
641 3779 869 3862 imperatorum
901 3781 981 3843 vites
1002 3783 1155 3861 inscribit,

58 3883 171 3945 nempe
192 3863 410 3939 Constantino,
437 3864 491 3947 qui
514 3872 546 3927 et
568 3864 687 3945 primus
713 3864 896 3944 imperator,
919 3867 974 3926 etsi
997 3888 1067 3928 eum
1088 3868 1154 3928 Ro.

57 3947 217 4008 menuseb
241 3969 278 4010 eo
295 3949 470 4030 imperator
491 3947 627 4016 adiectus
649 3945 749 4028 gradu
770 3947 936 4027 deiecerat,
957 3951 1155 4034 primumque

58 4031 121 4114 ipse
153 4033 256 4094 iocum
288 4053 324 4092 uc
348 4030 502 4113 gerendae
532 4030 721 4114 reipublicae
757 4031 976 4094 auctoritatem
1004 4053 1154 4097 summum

57 4126 275 4198 usurpaverat,
293 4137 329 4176 ac
350 4125 478 4196 praeter
500 4116 625 4178 titulum
649 4115 697 4175 vix
718 4113 801 4176 uliud
824 4115 910 4198 quod
931 4115 971 4177 sit
988 4119 1154 4180 maiestatis
1258 4123 1261 4130 '

57 4199 262 4262 Constantino
288 4198 468 4282 reliquerat.
513 4211 544 4262 ut
569 4199 645 4262 nibil
661 4209 746 4261 vetet
766 4199 856 4260 fuisse
877 4199 1094 4281 Constantino,
1119 4212 1153 4266 ut
1199 4194 1202 4208 ¹

162 4323 216 4376 Leo
237 4325 445 4378 Grammaticus.
968 4325 1003 4376 33
