2820 4866
260 261 334 332 ain
590 263 735 330 neonis
764 229 1051 330 oaruusncr

258 415 373 499 κλήτου
403 417 520 497 βουλῆς
545 422 610 491 τοῖς
636 417 774 498 τείχεσιν
793 411 970 499 ἐφεστῶτες
990 409 1189 476 κατεθεῶντο
1209 409 1250 475 τά
1271 409 1333 494 δρῶ·

256 540 346 597 μενα.
390 505 429 599 ἦν
449 507 506 580 οὖν
526 512 597 578 τάτε
616 517 696 580 ἰδεῖν
709 512 819 598 ψυχήν
840 511 1008 595 βασιλικήν
1027 512 1071 597 τιή
1087 502 1156 572 ὄντι
1178 509 1235 574 καί
1252 534 1332 592 μεγι-

256 612 416 700 λόφρονα,
450 612 506 676 καί
533 609 703 694 θαυμάσαι
733 613 767 678 τὸ
797 616 853 677 τοῦ
873 608 1075 696 φρονήματος
1105 609 1332 694 α’κατάπληκπν,

257 710 340 789 ὅπως
359 708 514 795 τοσαύτην
535 717 691 794 πολεμίων
710 717 835 794 βλέπων
853 709 1014 796 ἐπιφοράν
1034 711 1075 774 ου’
1094 711 1275 794 κατεπλάγη
1294 711 1333 772 κιί

255 814 428 894 συνεστάλη
461 812 517 875 καί
549 811 773 906 άπεχῶρησενζ
804 812 871 875 ἀλλ’
903 807 1009 893 ῶσπερ
1041 811 1087 886 εἰς
1108 815 1213 894 φιλων
1233 813 1350 894 πλήθσςᾶ

253 917 370 996 χωρῶν
388 906 485 988 οὕτως
509 913 650 995 άτρίμας
674 912 779 998 άπήει,
808 910 980 993 μονονουχὶ
1000 908 1056 994 τήν
1080 911 1191 994 ψυχήν
1211 917 1277 985 τοῖς
1293 931 1335 973 τε·

255 1017 376 1093 λεμίοις
396 1015 459 1076 τῶν
491 1011 636 1104 ὑπηκόων
664 1011 774 1087 δισσάς
803 1013 993 1094 άντιλυτρον.
1035 1015 1157 1091 πρῶτος
1180 1005 1240 1076 οὖν
1260 1011 1335 1095 ε’νιή

256 1107 391 1199 ῥηθείσῃ
423 1111 594 1201 άποβάθρηι
613 1109 801 1194 καταλαβών
829 1107 885 1175 τάν
904 1106 1039 1192 Συμεῶν
1061 1112 1244 1192 ἐξεδέχετο·
1284 1109 1337 1172 ἰτεί

155 1230 184 1282 Ρ.
193 1229 244 1284 501
257 1214 291 1275 tt
311 1206 425 1294 ὅμηροι
452 1213 485 1289 ἐξ
513 1211 704 1296 ἀμφοτέρων
725 1211 930 1298 ἐλήφθησαν,
954 1212 1010 1274 καί
1031 1205 1089 1294 τήν
1109 1206 1297 1293 ἀποβάθραν
1313 1203 1337 1270 ui

254 1310 431 1392 Βούλγαροι
466 1308 707 1395 διηρευνήσαντο
741 1310 880 1392 ἀκριβῶς
911 1307 957 1394 μή
978 1305 1046 1384 πῶς
1066 1311 1118 1392 τιςΙ
1135 1308 1226 1384 δόλος
1246 1303 1364 1393 ibe-a

256 1411 318 1492 δρα
338 1407 490 1496 τυγχάνῃ,
513 1414 671 1492 κατῆλθεν
684 1409 817 1488 Συμεών
836 1412 894 1474 τοῦ
911 1414 1020 1491 ἵππου,
1039 1413 1095 1473 καί
1115 1408 1194 1493 πρὸς
1218 1408 1271 1473 τὸν
1289 1411 1339 1490 βα-

255 1512 345 1574 σιλέα
364 1511 519 1591 εἰσῆλθεν.
568 1509 790 1590 άσπασάμενοι
818 1503 876 1572 οὖν
897 1505 1064 1593 Ὶἀλλήλους
1090 1507 1217 1592 εἰρήνης
1239 1506 1340 1590 λόγους

255 1611 414 1693 ἐκίνησαν.
457 1611 556 1674 εἰπεῖν
578 1613 613 1674 δὲ
635 1615 759 1692 λέγεται
779 1610 982 1698 τὸνβασιλέα
1003 1609 1083 1695 πρὸς
1098 1611 1233 1692 Συμεῶν
1252 1610 1341 1692 “dxij-

255 1710 313 1774 νισά
332 1731 368 1773 σε
391 1714 531 1791 θεοσεβῆ
549 1702 718 1792 ἄνθρωπον
740 1715 794 1774 καί
815 1709 1012 1794 Χριστιανὸν
1033 1709 1218 1796 ὑπάρχοντα
1239 1710 1341 1794 άληθι·

253 1804 327 1887 νόν,
357 1814 464 1890 βλέπω
498 1811 535 1874 tt
563 1809 600 1874 τά
623 1809 700 1894 ἔργα
726 1815 882 1896 μηδαμῶς
909 1821 973 1886 τοῖς
993 1813 1099 1892 λόγοις
1122 1813 1366 1894 σομβσίνσνταίᾶ

254 1907 338 1974 ἴδιον
358 1913 417 1990 μὲν
444 1908 503 1994 γάρ
536 1912 707 1991 θεοσεβοῦς
739 1910 913 1995 α’νθρῶπου
944 1914 999 1974 καί
1019 1915 1217 1996 Χριστιανσῦ
1237 1909 1270 1976 τά
1293 1909 1340 1993 τήν

253 2006 380 2093 εἰρήνην
402 2013 456 2073 καί
482 2008 540 2095 τήν
558 2007 683 2094 α’γάπην
716 2009 980 2096 άπασπάζεσθαι,
1001 2011 1087 2096 εἴπερ
1114 2009 1132 2074 ὅ
1152 2010 1227 2088 θεὸς
1247 2011 1355 2094 ἀγάπη,

253 2105 323 2172 ἔστι
344 2111 400 2172 καί
419 2112 549 2192 λέγεται,
571 2109 703 2192 ἀσεβοῦς
723 2113 757 2174 δὲ
780 2113 835 2176 καί
854 2105 990 2176 άπιάτου
1008 2111 1042 2175 τὸ
1065 2111 1192 2196 χαίρειν
1213 2119 1341 2198 σφαγαῖς

254 2211 310 2271 troi
329 2209 462 2288 αῗμασιν
491 2211 607 2284 α’ὃίιιως
638 2215 840 2293 ἐκχεομένων.
891 2215 922 2276 εἰ
939 2217 998 2294 μὲν
1024 2205 1082 2276 οὖν
1113 2213 1240 2296 άληθής
1266 2215 1341 2290 Χρι-

228 2307 386 2381 Βστιανός
405 2305 568 2394 ὑπάρχεις,
587 2313 694 2385 καθώς
718 2309 1040 2398 πειτληροφορήμεθα,
1062 2313 1180 2396 στήσάν
1202 2335 1276 2376 ποτε
1293 2309 1369 2384 stitit

210 2473 211 2476 ¹
256 2405 392 2480 άδίκους
407 2407 535 2491 σφαγάς
555 2409 611 2472 καί
630 2409 687 2486 τάς
709 2415 773 2474 τῶν
801 2409 936 2476 α’νοσίων
959 2410 1277 2495 αἰμάτων.ε’κχάσεις,
1296 2412 1342 2472 καί

256 2515 385 2570 σπεῖσαι
415 2511 490 2588 μεθ’
518 2508 610 2592 ήμῶν
638 2513 701 2574 τῶν
723 2515 929 2597 Χριστιανῶν
950 2513 1007 2598 τήν
1034 2511 1170 2598 εἰρήνην,
1194 2516 1341 2594 Χριστια-

257 2789 294 2840 cis
312 2791 495 2857 pronuntiatis
525 2811 573 2846 eeu
592 2795 780 2866 imperatorem
809 2797 905 2850 faustis
925 2798 1161 2869 prosequebantur
1177 2797 1341 2850 acclamatio·

256 2859 348 2910 uibus.
385 2865 515 2914 senatorii
535 2882 614 2934 porro
634 2867 736 2919 ordinis
748 2870 795 2920 uiri
813 2872 894 2921 muris
912 2871 998 2921 innixi
1017 2887 1087 2940 quae
1106 2870 1209 2922 [iebant
1228 2877 1342 2920 contem·

255 2930 411 3000 plsbautur.
448 2944 569 3003 spectatu
588 2954 651 2989 vero
675 2938 830 3007 dignissima
850 2959 890 2992 res
919 2942 972 2994 suit
989 2945 1093 2992 animus
1112 2941 1162 2992 ille
1181 2939 1342 3011 imperatoris

257 3001 354 3069 dignus
373 3012 401 3055 et
424 3007 553 3068 excelsus,
575 3010 642 3059 mira
670 3027 712 3060 res
731 3012 777 3063 iiia
798 3013 895 3063 mentis
915 3014 993 3064 nulio
1012 3022 1092 3082 pacto
1115 3020 1206 3064 motae
1224 3019 1342 3064 constan·

257 3073 310 3133 tia,
329 3089 398 3142 quae
422 3083 527 3128 tanturn
545 3081 698 3148 percipiens
716 3081 836 3133 hostium
862 3085 1004 3152 appulsum
1025 3084 1103 3134 nullo
1126 3083 1209 3134 modo
1229 3081 1343 3134 conster-

256 3151 320 3195 nata
339 3153 386 3195 aut
407 3162 526 3214 repressa
544 3157 593 3212 est,
604 3152 652 3202 sed
666 3169 716 3202 nec
735 3155 898 3216 retrocessit,
917 3155 1041 3224 quinimo
1059 3155 1135 3206 velut
1154 3155 1184 3206 in
1205 3156 1343 3205 amicorum

257 3222 364 3265 coetum
384 3233 411 3266 se
431 3220 574 3282 conferret,
593 3223 631 3272 sio
651 3223 803 3291 intrepidus
828 3228 973 3293 processit,
996 3233 1101 3277 tantum
1119 3225 1237 3276 animam
1255 3222 1343 3276 snhrli·

256 3291 345 3335 torum
363 3287 457 3339 salutis
478 3293 594 3358 pretium
612 3291 737 3344 hostibus
753 3311 808 3346 non
831 3301 956 3348 offerens.
994 3299 1068 3366 prior
1081 3298 1176 3366 itaque
1197 3295 1232 3347 ad
1253 3296 1344 3347 dictem

256 3356 407 3408 machinam
426 3363 587 3427 perveniens
607 3363 758 3415 Simeonem
779 3366 1006 3434 praestolabatur.
1045 3375 1076 3418 ut
1096 3366 1207 3420 obsides
1225 3383 1257 3418 ex
1277 3373 1343 3417 utre·

257 3443 311 3496 qus
332 3437 409 3496 parte
427 3429 483 3481 dati
502 3440 573 3494 sunt,
593 3435 696 3501 liutgeri
711 3451 784 3499 vero,
804 3454 838 3488 us
859 3439 920 3506 quis
936 3439 1014 3490 riolos
1032 3437 1204 3490 eutinsidise
1225 3438 1343 3494 laterent

255 3497 407 3549 machinam
426 3500 572 3574 diligentert
590 3507 749 3572 perscrutati
768 3517 839 3570 sunt,
867 3509 977 3561 Simeon
1006 3525 1078 3580 equo
1097 3509 1228 3561 desiliens
1247 3508 1281 3558 ad
1299 3509 1343 3556 im-

255 3577 407 3636 peratorem
431 3574 552 3637 accessit,
570 3573 687 3645 dataque
705 3579 820 3630 invicem
840 3580 927 3631 salute
949 3581 1021 3648 pacis
1039 3589 1182 3632 trsetatum
1200 3585 1342 3630 moverent·

255 3639 403 3707 imperator
428 3641 526 3694 dixisse
558 3646 643 3697 fertur
659 3646 692 3697 ad
712 3649 865 3700 Simeonem
892 3652 996 3702 “virum
1023 3650 1067 3702 slei
1095 3651 1226 3703 cultorem
1246 3659 1344 3702 etsers

256 3708 440 3762 Christianum
460 3716 551 3766 audivi
573 3724 616 3767 te:
635 3734 726 3784 rerum
745 3736 826 3787 opera
845 3720 932 3772 verbis
950 3723 1106 3773 nullatenus
1128 3721 1304 3774 consonantis
1319 3719 1344 3768 is

187 3793 192 3802 ¹
255 3785 284 3830 te
304 3784 447 3852 perspicio.
486 3787 622 3854 proprium
650 3791 721 3839 eninr
749 3791 800 3841 viri
827 3791 871 3842 dei
890 3792 1001 3843 cultoris
1029 3801 1057 3844 et
1074 3793 1222 3844 Christiani
1241 3801 1282 3844 est
1299 3805 1343 3858 pt·

254 3865 311 3934 cern
332 3861 359 3904 et
373 3855 511 3906 caritatem
537 3857 674 3927 amplecti,
694 3860 827 3929 siquidem
855 3861 922 3914 desis
939 3864 1035 3915 caritas
1057 3872 1098 3916 est
1120 3871 1147 3916 et
1164 3863 1278 3916 dicitur:
1297 3862 1343 3910 im-

252 3935 367 4002 paruero
380 3933 412 3980 et,
426 3925 545 3978 infidelis
564 3937 606 3980 est
622 3929 750 3982 caedibus
770 3941 797 3983 et
816 3949 910 3984 cruore
929 3935 1027 3985 iniuste
1042 3933 1102 3986 suso
1122 3933 1249 4003 garadere.
1269 3933 1343 4000 igitur

254 4007 278 4040 ss
297 4008 358 4044 vere
378 4002 405 4046 ts
426 3995 610 4050 Christianum
629 4003 774 4069 profiteris,
793 4003 862 4055 sicut
881 4012 954 4055 certo
973 4015 1107 4068 tenemus,
1129 4023 1268 4076 compesce
1286 4013 1341 4054 tsn-

254 4059 316 4112 slem
336 4063 431 4116 caedes
450 4069 572 4131 iniustas,
591 4077 620 4122 et
637 4073 751 4123 sceleste
770 4076 906 4141 sanguinis
934 4077 1066 4127 effusione
1088 4075 1205 4137 abstine,
1223 4085 1253 4128 et
1269 4073 1342 4125 nobi·

254 4125 328 4185 scus'n
346 4135 513 4204 Christianis,
534 4157 594 4193 cuna
614 4142 674 4214 ipss
692 4141 860 4198 Christianus
878 4145 915 4199 sis
934 4155 962 4200 et
984 4147 1142 4214 nomineris,
1160 4147 1234 4220 pacis
1253 4142 1342 4198 foedus
