2820 4866
438 315 804 388 cuaoaoeatnuts.
1086 317 1160 390 273

68 464 126 532 καί
147 468 327 536 dusmense
354 468 613 558 όνΜακεδονιζι·
662 473 717 537 καί
735 470 790 536 τόν
808 475 867 552 μὲν
888 473 1058 539 Βασίλειον
1077 469 1161 540 οότω

68 571 125 651 τῆς
144 565 265 640 πόλεως
288 562 443 650 ἐξήγαγεν,
465 567 540 644 τσός
562 571 598 634 δὲ
616 571 745 647 λοιπούς
765 570 839 646 τούς
854 575 910 658 τῆς
923 575 1025 641 atara·
1043 579 1162 658 βουλῆς

68 664 311 750 μετεσχηκότας,
332 665 468 750 Πάράσν
493 670 552 750 μὲν
572 671 781 755 όρσογγάριον
800 675 858 757 τής
878 672 988 757 βίγλας
1010 675 1159 739 ἇποστὲλ-

69 771 119 830 λει
139 764 221 849 πρός
242 763 298 830 τόν
320 767 512 852 Στοπεοίτην,
543 772 640 853 δήθεν
661 771 789 852 ἀγαγεῖν
810 771 1188 858 adremuneraretur:

45 873 125 942 osor
144 868 266 930 ἐκείνου
287 863 342 930 ried
370 871 538 948 βασιλικοῦ
563 875 725 934 πιττακιόιι
755 869 853 936 ariade
873 875 1040 956 decuriasse.
1082 895 1158 955 προ.
1286 873 1290 880 ’

70 961 287 1048 φασεσάμενος
314 967 349 1030 δὲ
376 962 393 1028 ό
424 967 576 1048 βασιλεός
607 969 755 1034 άπελθεῖν
776 971 831 1034 καί
851 974 1015 1054 δειπνήσαι
1037 977 1083 1048 είς
1102 971 1158 1038 τόν
1219 1021 1220 1024 ,

69 1059 160 1146 s‘r'ysev
180 1059 335 1148 Λάζαρον
359 1067 405 1140 εἰς
433 1065 468 1130 τό
491 1067 685 1150 καταβάσιον
704 1073 764 1133 τοῦ
783 1073 1044 1156 τζοκανιστηρίσυ
1066 1072 1202 1156 ἔστη-79

66 1185 122 1227 σεν
138 1156 290 1247 Ἰωάννην
318 1166 350 1231 Γ
348 1169 464 1248 αριόιῖν
491 1166 571 1248 μετά
594 1173 656 1233 τῶν
678 1173 796 1235 λοιπῶν
825 1175 880 1254 τής
900 1168 1044 1253 ἑταιρίας
1064 1178 1097 1238 ἐν
1117 1177 1161 1261 τῷ

67 1263 298 1353 κοοβουκλείη·
353 1265 410 1330 καί
436 1269 469 1332 ἐν
501 1271 546 1355 τῷ
580 1273 791 1352 κατέρχεσθαι
810 1269 866 1335 τόν
887 1275 1021 1354 βασιλέα
1043 1265 1208 1357 κρατή-86

38 1369 166 1428 ileum
185 1362 264 1443 μετά
282 1358 429 1432 Ἰωάννου
445 1367 603 1434 Νικόλαον
624 1363 833 1456 όταιριάρχην
854 1369 1001 1456 ἐξήγαγεν
1022 1373 1078 1458 τῆς
1098 1369 1160 1436 πό-

65 1469 155 1539 λεως.
198 1461 325 1548 άγαγοόν
355 1468 391 1530 dd
424 1462 459 1530 ἐκ
486 1468 691 1543 Μακεδονίας
716 1473 886 1536 Βασιλειον
915 1471 970 1535 καί
989 1471 1160 1554 ἀνακρίνας

64 1565 121 1628 καί
140 1563 258 1647 τόψας,
276 1567 334 1629 καί
351 1561 409 1640 τάς
430 1573 544 1650 τρίχας
565 1561 666 1633 odacri
685 1567 897 1652 κατακαύσας,
916 1572 972 1636 καί
991 1571 1025 1636 ἐν
1043 1575 1083 1658 τῇ
1102 1575 1159 1654 μέ.

65 1687 103 1751 op
122 1660 357 1748 θριαμβεύσας,
378 1667 528 1750 ἐξώρισεν
547 1669 582 1731 ἐν
611 1663 772 1751 Ἀθήναις,
792 1666 848 1732 καί
866 1671 967 1744 κακῶς
989 1671 1088 1734 ἐκεῖσε
1108 1692 1159 1733 τε-

63 1763 259 1850 τελεύτηκεν.
313 1762 466 1843 άσαότως
488 1763 644 1834 Νικόλαον
672 1763 879 1852 ἓταιριάρχην
908 1767 966 1834 καί
984 1766 1159 1834 Στολιανόν

26 1865 120 1928 tirus*
141 1863 286 1949 Ἰωάννην
305 1867 362 1931 καί
379 1864 438 1951 τήν
457 1870 638 1949 συγγένειαν
660 1871 764 1932 πᾶσαν
785 1865 964 1953 ’Ζαοότζα,
995 1866 1069 1944 τσός
1097 1869 1188 1948 ater>

62 1965 232 2047 α’πέκειρεν
254 1964 330 2041 soria
363 1969 401 2048 rii
429 1967 596 2051 ἐξώρισεν,
627 1965 789 2051 δημεόσας
816 1965 875 2041 τάς
905 1967 1017 2041 οὐσίας
1038 1967 1155 2034 αὐτῶν.

62 2061 185 2138 κιόντας
205 2066 242 2130 δὲ
270 2068 462 2150 μαγίστροος
490 2064 642 2142 ruitaria
669 2069 703 2131 ἐν
723 2071 806 2131 τέλει
827 2068 1118 2150 προσκαλεσάμενος
1140 2065 1159 2129 ri

68 2163 215 2242 darsiria
233 2165 353 2250 α’νίγνω
373 2163 565 2231 κατενώπιον
586 2167 693 2230 αὐτῶν
721 2163 760 2232 τοὶ
780 2169 961 2250 μηνυθέντα
981 2164 1068 2248 παρά
1090 2168 1159 2229 Σα-

68 2267 164 2342 μωνά.
208 2263 240 2328 ei
260 2267 296 2330 di
316 2267 428 2330 rosires
443 2262 675 2352 όπερεπήνεσαν
693 2261 736 2340 eric
749 2268 803 2350 τής
822 2268 904 2350 ζωής
925 2268 982 2330 τοῦ
1000 2269 1158 2346 βασιλέως

17 2360 313 2446 κοπρονοοάμενον,
340 2366 395 2429 καί
417 2360 580 2447 εἰρήκασιν
609 2357 696 2442 ἄξιον
717 2359 798 2430 εἶναι
825 2368 917 2448 τιμῆς
937 2366 1095 2447 μεγίστης.
1138 2359 1157 2425 ό

62 2464 98 2528 δὲ
118 2463 271 2544 ααρεαθό
292 2467 405 2530 τοῦτον
426 2468 716 2547 πρωτοσπαθαρίοο
738 2465 809 2553 α’ξίρ
832 2466 999 2548 τετίμηκεν.

79 2561 87 2578 ”
141 2562 360 2648 Ἐτελεύτησεν
382 2567 418 2628 di
439 2567 601 2648 Στέφανος
630 2559 648 2628 ό
671 2559 870 2647 πατριάρχης
892 2567 944 2628 καί
963 2565 1029 2628 α’ντ’
1054 2561 1156 2626 αότοῦ

59 2663 285 2748 ἐχειροτονήθη
312 2662 472 2739 Νικόλαος
495 2664 512 2728 ὁ
536 2660 751 2750 πατριάρχης,
773 2659 920 2746 μυστικὸς
946 2656 991 2727 uia
1014 2665 1071 2728 τοῦ
1092 2667 1195 2745 piu-81

59 2935 127 2988 Ζοεε
145 2933 252 2987 animae
269 2936 400 2998 levamen,
420 2935 497 2987 velut
514 2935 602 3004 legata
622 2933 743 2995 tradidit,
772 2941 800 2984 et
819 2933 846 2984 in
865 2930 1050 2996 Macedoniam
1070 2931 1152 2983 dimi·
1221 2977 1223 2982 .

60 3007 107 3058 sit.
144 3016 172 3060 et
191 3005 320 3058 Basiliam
340 3006 451 3077 quidem
470 3007 521 3058 hoc
534 3015 613 3076 pacto
629 3007 696 3056 urbe
716 3004 846 3055 detrusit:
866 3003 984 3072 reliquos
1004 3019 1066 3054 vero
1086 3019 1152 3053 con-

59 3078 204 3129 iurationis
226 3089 374 3142 consortes,
395 3077 506 3129 Paralum
527 3076 635 3146 quidem
662 3075 833 3127 excubiarum
853 3074 1024 3141 drungarium
1043 3072 1077 3122 ad
1095 3073 1151 3123 Sti-

58 3149 166 3216 piotem
183 3151 259 3218 qrsasl
278 3165 339 3200 eum
360 3147 394 3200 ad
412 3165 440 3201 se
460 3156 614 3200 vocaturum
635 3146 805 3198 amandavit:
826 3148 848 3196 is
867 3153 955 3196 tamen
968 3151 998 3195 ut
1013 3159 1072 3195 eum
1088 3144 1150 3194 vin-

59 3219 129 3270 culis
147 3229 285 3272 coerceret
302 3236 351 3290 per
370 3219 554 3289 imperatorias
575 3219 677 3270 litteras
697 3219 770 3287 prius
795 3216 911 3268 monitus
933 3217 1028 3266 iuerat.
1064 3214 1149 3264 simu-

59 3290 119 3340 lans
139 3292 219 3342 etiam
237 3292 384 3360 imperator
413 3291 484 3342 sorae
504 3290 635 3360 proficisci
666 3297 693 3340 et
710 3288 744 3338 ad
761 3288 786 3338 S.
810 3287 938 3338 Lazarum
963 3293 1149 3348 coenaturum,

57 3361 94 3410 sd
113 3363 216 3432 equilis
245 3362 400 3414 descensum
428 3363 556 3412 loannem
587 3359 711 3410 Garidam
730 3377 789 3410 cum
815 3359 927 3427 reliquie
948 3355 1148 3408 confoederatis

58 3431 178 3483 detinuit
196 3434 224 3484 iu
242 3433 386 3498 cubicul03
405 3449 518 3502 cumque
544 3432 689 3499 imperator
707 3432 834 3480 loannem
855 3427 979 3480 detinens
997 3426 1148 3479 descende-

57 3511 108 3566 ret,
127 3502 270 3554 Nicolaum
290 3503 501 3556 hetaeriarchem
526 3502 591 3552 urbe
604 3500 704 3553 eduxit.
740 3501 866 3552 Basiliam
885 3517 966 3569 porro
984 3516 999 3550 e
1018 3497 1147 3549 Macedo-

54 3575 102 3625 nia
124 3582 279 3626 revocatum
297 3583 325 3626 et
344 3574 378 3626 de
397 3576 507 3625 crimine
526 3573 685 3643 inquisitum
698 3571 853 3623 verberibus
872 3569 997 3634 subiecit,
1017 3578 1044 3621 et
1062 3567 1146 3620 crini-

52 3644 106 3696 bus
133 3645 193 3694 eius
218 3646 354 3697 succensis
380 3663 428 3716 per
446 3643 561 3697 mediam
588 3643 681 3694 urbem
707 3641 857 3694 traductum
876 3641 995 3693 Athenas
1016 3641 1145 3707 relegavit

50 3715 171 3776 exulem,
191 3713 239 3766 ubi
258 3717 355 3768 misere
372 3717 461 3787 periit.
497 3715 636 3768 Nicolaum
657 3715 757 3783 pariter
776 3710 985 3764 hetaeriarcham
1007 3711 1145 3776 etStylia·

48 3803 118 3839 num
137 3794 166 3838 et
184 3785 311 3838 loannem
332 3795 361 3837 et
379 3789 492 3838 Zautaee
518 3803 602 3856 genus
619 3803 697 3835 omne
725 3783 774 3836 hos
794 3781 902 3852 quidem
923 3781 1056 3844 detondit,
1076 3782 1143 3832 alios

47 3855 200 3930 publicatis
219 3873 311 3908 eorum
328 3857 505 3909 facultatibus
529 3860 558 3908 in
582 3857 691 3908 exilium
715 3855 828 3922 expulit.
848 3854 979 3922 magistris
992 3869 1054 3903 aero
1074 3868 1143 3901 cun-

47 3931 160 3998 ctisque
179 3929 208 3979 in
231 3928 363 3996 (lignitate
383 3930 477 3999 positis
502 3926 535 3978 ab
556 3931 717 3998 imperatore
739 3924 885 3986 aslvocatis,
905 3939 974 3993 quae
993 3941 1007 3973 a
1027 3923 1143 3973 Samene

45 3999 202 4068 significata
222 3999 338 4062 fueraut,
358 4007 455 4051 cuncta
474 4000 611 4068 perelecta
630 4007 699 4049 sunt.
738 3997 781 4046 illi
798 3996 882 4045 virum
900 3995 975 4044 velut
995 3995 1141 4062 imperato-

45 4074 85 4123 ris
112 4071 188 4121 ritae
206 4064 392 4137 providentem
421 4071 595 4140 maximisque
617 4069 763 4120 honoribus
791 4065 899 4134 dignum
915 4065 1140 4134 pronuntiarunt:

45 4157 137 4214 qnare
156 4139 366 4210 protospatharii
388 4141 520 4210 dignitate
538 4141 679 4192 confestim
696 4138 853 4189 honoratur.

120 4211 247 4263 Mortuus
266 4220 308 4266 est
324 4221 415 4264 sutem
435 4211 587 4284 Stephanus
605 4209 765 4282 patriarcha,
782 4218 809 4262 et
827 4211 856 4259 in
873 4207 931 4257 cius
953 4205 1040 4256 locum
1059 4202 1141 4254 Nico-
1253 4246 1256 4253 ,

109 4324 168 4402 Leo
188 4325 395 4380 Grammaticus.
918 4315 950 4368 18
