2820 4866
258 289 333 368 326
592 305 740 371 neonis
767 302 1030 370 ummmncr

259 458 319 517 λον
348 449 380 518 οῦ
408 453 527 539 ταύτης
554 448 719 543 οἰκήτορες
742 454 823 540 πρός
847 453 903 520 τόν
929 459 1065 538 βασιλέα
1090 455 1258 534 ‘Posteris
1289 456 1358 519 δια·

258 551 507 637 πρεσβευόμενοι
539 553 596 637 τήν
625 555 811 640 πολιορκίαν
837 558 998 640 λυθῆναι,
1018 553 1055 618 τό
1076 557 1114 618 δέ
1135 557 1194 619 τοῦ
1215 554 1359 637 Χριστοῦ

258 649 349 737 ἅγιον
368 655 534 737 ἐκμαγεῖον
555 660 707 739 παρέχειν
728 654 1001 737 ἐπαγγελλόμενα.
1049 651 1131 738 όπὲρ
1152 651 1302 738 τοιαύτης
1323 655 1359 717 δέ

256 748 390 836 χόριτος
411 754 562 834 δεσμίους
581 753 739 842 ᾐτήσαντο
759 755 822 820 τιῦν
842 757 996 841 ἐμφανοῦν
1016 754 1212 836 όντιλαβιῖν,
1234 777 1359 836 χρυσο-

257 851 406 934 βούλλιόν
426 877 460 920 τε
481 860 589 937 λαβεῖν
611 849 690 920 τόστε
709 855 822 939 μηκέτι
842 853 901 938 τήν
922 852 1040 920 τούτων
1054 852 1166 935 χώραν
1186 850 1278 936 παρό
1301 857 1381 918 τοῦδ

251 952 422 1034 Ῥωμαίων
452 959 593 1038 στρατοῦ
619 957 802 1040 ληίζεσθαι·
851 951 871 1018 δ
903 952 941 1038 δή
963 951 1019 1019 καί
1044 959 1177 1038 γέγονεν.
1231 955 1291 1018 τοῦ
1325 955 1360 1020 δέ

216 1056 237 1110 ¹³
258 1051 348 1136 ἁγίου
371 1057 541 1138 ἐκμαγείου
562 1055 792 1131 α’ποσταλέντος
812 1053 866 1124 καί
886 1047 948 1139 ἤδη
967 1057 1007 1142 τῇ
1020 1053 1359 1120 Κωνσεαντινουπύλει

257 1155 494 1241 πλησιάζοντος,
506 1154 674 1242 Θεοφάνης
692 1151 709 1219 ὃ
729 1158 890 1240 πατρίκιος
902 1159 958 1220 κατ’
971 1155 1257 1239 παρακοιμιύμενος
1271 1156 1307 1218 ἐν
1318 1157 1360 1241 τῷ

258 1259 392 1344 ποταμηῦ
410 1253 518 1338 Σύγαρ
534 1254 671 1332 ἐξελθών
691 1251 867 1340 ύπήντησεν
886 1257 974 1347 αύτῷ
995 1254 1075 1337 μετύ
1098 1257 1250 1339 λαμπροῖς
1268 1257 1359 1338 τιμῆς

259 1379 295 1421 τε
315 1359 370 1420 κατ’
393 1351 565 1446 ύμνηιδιας,
588 1358 644 1438 καί
657 1359 697 1445 τῇ
714 1357 826 1444 δεκάτη
837 1359 964 1445 πέμπτη
984 1361 1042 1421 τοῦ
1052 1355 1247 1438 Αύγούστου
1263 1351 1389 1439 μηνύειν

176 1451 181 1462 “
256 1455 318 1522 οῦν
337 1457 423 1544 αύτῷ
444 1459 478 1522 ἐν
500 1460 538 1544 τῇ
559 1455 650 1521 πόλει
670 1459 828 1542 εἰσῆλθεν,
852 1459 910 1522 τοῦ
926 1460 1084 1540 βασιλέοος
1099 1459 1134 1522 ἐν
1155 1459 1357 1538 Βλαχέρναις

256 1546 345 1630 ὄντος
377 1557 473 1620 ederi
496 1554 574 1622 αύτό
595 1555 877 1641 προσκυνήσαντος.
927 1559 967 1644 τῇ
996 1559 1033 1622 δέ
1057 1554 1212 1639 ἐπαύριον
1229 1557 1357 1638 ἐξῆλθεν

255 1657 290 1718 ἐν
307 1659 347 1742 τῇ
368 1659 487 1742 Χρυσή
509 1652 631 1745 πόρτη·
683 1653 714 1722 οἱ
731 1658 771 1722 δέ
802 1658 862 1721 τοῦ
884 1659 1043 1740 βασιλέως
1064 1655 1124 1720 δύο
1148 1652 1217 1722 υἱοί
1236 1656 1355 1741 Eripu-

257 1774 310 1828 νος
330 1757 385 1819 καί
407 1759 648 1831 Κωνσταντῖνος
679 1757 736 1820 καί
764 1755 782 1820 δ
814 1754 960 1840 γαμβρός
987 1757 1092 1822 αύτοῦ
1120 1758 1354 1828 Κανσταντῖνις

257 1849 318 1917 σῦν
338 1855 382 1938 τῷ
402 1853 585 1942 πατριόργη
612 1854 839 1944 Θεοφυλύκτφ,
858 1857 915 1920 καί
931 1854 1092 1940 μετότής
1112 1852 1248 1940 δεούσης
1268 1855 1380 1920 reviruit

257 1951 471 2034 ἀναλαβόντες
490 1958 597 2038 τιμῆς,
609 1959 667 2038 τῆς
688 1953 865 2039 συγκλήτου
885 1957 990 2041 πόσης
1010 1959 1290 2040 προπορευομέυης
1307 1951 1353 2018 κοί

134 2069 143 2082 ’
259 2056 469 2138 φωταγοιγίας
487 2059 638 2140 μεγίστης
658 2053 867 2142 προαγούσης,
887 2056 1066 2142 μέχρντοῦ
1085 2057 1168 2121 ναοῦ
1189 2059 1247 2138 τῆς
1269 2052 1351 2138 ἁγίας

258 2154 317 2218 τοῦ
337 2156 419 2216 θεοῦ
446 2157 563 2241 σοφίας
591 2153 688 2235 πεζόν
714 2152 999 2239 διεκόμισαν,νοί
1020 2159 1243 2242 προοκυνηθέν
1262 2157 1351 2220 ierim

230 2255 295 2318 cir
315 2255 360 2341 τηῦ
378 2259 522 2342 πολιτείην
545 2253 712 2340 α’νήγαγον.

204 2345 208 2352 ’
369 2354 416 2420 Ἐν
444 2358 578 2432 ταύταις
607 2358 643 2420 δέ
668 2366 737 2432 ταῖς
770 2353 903 2442 ήμέραις
939 2353 1104 2441 Ἀρμένιόν
1131 2379 1164 2420 τι
1197 2357 1293 2442 τέρας
1319 2351 1381 2438 eju

259 2451 349 2518 πόλει
370 2453 588 2540 ἐπεφοιτήκει,
615 2459 728 2534 παῖδες
755 2465 915 2542 συμφυεῖς
943 2450 1075 2542 ἄρρενες
1095 2455 1130 2520 ἐκ
1149 2457 1353 2537 pride-uperi·

259 2550 371 2630 δόντες
398 2551 549 2644 γαστρός,
582 2549 689 2641 ῦρτιοι
717 2559 778 2637 μὲν
807 2556 910 2624 πάντα
938 2553 977 2622 τό
999 2558 1081 2642 μέλη
1109 2558 1170 2620 τοῦ
1199 2555 1352 2636 στόματος,

261 2650 323 2718 sini
352 2655 389 2716 δὲ
420 2658 479 2720 τοῦ
510 2653 667 2739 στόματος
694 2659 748 2740 τῆς
775 2656 912 2744 γαστρός
940 2659 997 2724 καί
1026 2663 1127 2744 μέχρι
1153 2655 1210 2723 τόν
1238 2652 1351 2738 eineys·

264 2951 299 3006 ed
317 2957 465 3008 Romanurn
483 2956 672 3026 imperatorem
690 2953 862 3007 obsidionem
879 2952 953 3030 ,solvi
981 2949 1070 3004 missis
1087 2949 1186 3020 legatie
1206 2949 1266 3001 eins
1283 2947 1348 3000 iner-

263 3025 308 3075 lae
329 3027 431 3096 precati
449 3035 519 3089 sunt,
545 3044 649 3086 sncrrun
671 3026 771 3079 Christi
789 3024 927 3078 sudarium
947 3023 1028 3077 simui
1046 3019 1217 3075 exhibituros
1233 3017 1348 3092 polliciti.

263 3095 327 3148 huic
347 3099 446 3164 gratiae
465 3097 682 3167 compensandae
700 3097 807 3150 nobiles
828 3113 861 3148 ex
880 3095 938 3148 ruis
958 3097 1080 3167 captivos
1099 3094 1230 3163 recipere,
1250 3087 1348 3142 foedos·

264 3186 318 3238 que
335 3185 416 3220 aurea
437 3169 513 3220 bullo
532 3170 674 3232 firmatum,
693 3186 728 3221 ne
747 3171 885 3237 regionem
903 3184 998 3220 eorum
1009 3169 1144 3219 Romanus
1162 3163 1294 3216 exercitus
1309 3158 1349 3242 de-

262 3247 389 3302 vustnret,
411 3241 564 3310 petierunt;
590 3239 665 3313 qnod
690 3249 717 3294 et
756 3240 897 3292 ruestitum
920 3247 970 3291 est.
1006 3252 1167 3290 secrevero
1189 3233 1349 3286 sudariorte

262 3310 343 3362 misso
363 3313 471 3382 iamque
490 3311 569 3382 Cpoli
592 3313 725 3376 vicino,a
763 3310 874 3364 fluvium
897 3309 1016 3380 Sagarim
1037 3325 1097 3360 cum
1115 3305 1258 3374 magnifico
1277 3317 1349 3374 appe

262 3389 323 3433 ratu
346 3391 373 3432 et
391 3384 526 3446 cantibus,
544 3381 727 3454 Theophanes
745 3382 876 3453 patricius
888 3388 916 3434 et
931 3379 1071 3433 accubitor
1090 3376 1200 3430 obvium
1221 3372 1348 3448 processit,
1405 3437 1406 3442 ρ

264 3461 293 3504 et
311 3455 424 3522 Augusti
448 3455 547 3506 mensis
571 3453 616 3506 die
636 3454 741 3506 decimo
760 3455 877 3524 quinto,
895 3453 1060 3574 imperatore
1080 3447 1115 3500 εδ
1132 3447 1293 3500 Blacherues
1308 3459 1349 3494 re·

263 3523 355 3575 niente
377 3531 405 3575 et
424 3523 527 3576 ibidem
545 3524 685 3590 odorante,
711 3525 741 3576 in
760 3524 854 3576 urbem
873 3524 978 3577 iutnit
1015 3521 1141 3596 sequenti
1159 3519 1222 3571 lnce
1239 3530 1350 3589 progres-

263 3611 306 3646 sus
327 3604 369 3646 est
400 3593 434 3645 ad
462 3605 569 3666 portam
591 3604 718 3650 nrrream:
747 3594 902 3666 Stephanus
926 3603 1017 3647 nutem
1035 3603 1063 3646 et
1084 3589 1287 3649 Constantinus,
1303 3584 1349 3636 dno
1404 3599 1406 3620 ⁴

263 3665 433 3734 imperatoris
452 3667 518 3730 iiiii,
546 3685 655 3739 unaque
677 3667 870 3720 Constantinus
898 3665 956 3718 einr
973 3682 1055 3735 gener
1072 3681 1133 3714 curn
1154 3658 1349 3731 Theophylacto

264 3737 426 3805 patriarcha,
446 3740 573 3791 universo
590 3737 770 3812 praecedente
785 3746 891 3798 sen-stu,
910 3737 1005 3790 debito
1026 3735 1130 3787 honore
1149 3739 1301 3804 susceptum
1314 3742 1350 3810 ει·
1405 3739 1406 3742 ’

264 3823 337 3858 crum
358 3809 464 3877 rsoous,
484 3813 592 3880 praevia
611 3825 750 3863 cereorum
767 3806 952 3873 multitudiue,
973 3805 1126 3860 adsenctse
1146 3803 1193 3856 dei
1213 3803 1348 3874 rapientur

264 3877 395 4002 teplrplum
423 3879 508 3951 pedes
534 3881 710 3944 detulerunt,
729 3879 908 3952 exhibitoque
927 3879 1004 3934 cultu
1023 3875 1165 3930 adoratum
1184 3875 1216 3928 in
1231 3871 1347 3946 patruum

264 3965 292 4000 rn
314 3960 440 4004 uxernnt.

335 4012 529 4108 Temporibus
542 4040 599 4091 istis
618 4047 775 4111 portentum
801 4037 939 4110 quoddam
958 4055 992 4090 ex
1010 4032 1135 4088 Armenio
1154 4035 1183 4086 in
1202 4033 1293 4086 urben
1309 4027 1346 4076 io·

263 4115 380 4170 sentum.
399 4111 478 4180 pueri
495 4107 550 4162 dno
568 4111 681 4164 masenii
700 4127 756 4162 uno
777 4119 872 4162 ventre
900 4109 1034 4179 progressi
1054 4115 1084 4159 et
1101 4105 1137 4158 ed
1154 4105 1266 4157 invicem
1282 4113 1346 4180 col?-

263 4179 399 4253 plantati,
424 4197 440 4233 n
466 4181 613 4239 ventriculi
636 4199 683 4236 ore
704 4181 738 4234 nd
755 4181 859 4253 pubem
878 4197 965 4253 nsque
982 4178 1037 4234 sibi
1055 4175 1246 4240 aethaereum,
1262 4183 1345 4226 renu-
