2828 4874
231 319 285 380 nn
303 314 609 380 assessuousea
627 315 653 378 s
674 317 831 378 aa'rsuss
852 314 993 379 carra.
1085 304 1154 382 aus

67 468 225 548 στρουθοὶ
243 459 315 531 orire
336 471 458 530 πέλειαι
481 459 555 530 οὔτε
576 465 724 549 κόρακες,
746 466 779 530 οἳ
795 467 834 553 τῇ
855 469 929 530 καθ’
952 467 1033 549 ἡμᾶς
1053 469 1159 554 πρῴην

65 569 291 649 όπεχωριάζον,
313 560 384 631 osiae
411 558 506 641 ἄλλος
522 589 569 640 ιις
590 559 676 647 όρνις
695 567 750 630 τόν
776 560 857 649 ispa
878 565 1069 648 διενήχοντο,
1091 567 1159 631 ἀλλ’
1187 615 1190 622 .

60 668 314 746 Ιἐτιτιτοπισμένα
335 669 489 745 Ιόνόμοντο
520 669 575 730 καί
603 665 679 749 ἡμῖν
699 659 838 752 ἄφαντα.
882 663 963 730 u'lld
985 669 1076 730 τοῦτο
1100 668 1159 746 μὲν

65 771 124 832 κατ’
145 766 223 849 μετὰ
245 767 301 852 τόν
324 761 441 834 ἅλωσιν
463 768 513 852 ἐφ’
534 764 650 850 ἱκανόν,
668 761 719 834 οἷα
740 770 799 830 τοῦ
818 769 909 840 δέους
931 768 986 831 ιιαί
1002 774 1067 841 τοῖς
1083 764 1160 831 diri.

39 881 56 936 5
63 891 133 950 γστς
155 871 413 951 παραμένοντος·
453 868 570 951 ἡμέραι
591 866 653 950 ’γοὶρ
674 863 807 950 ὕστερον
826 869 951 949 συχναί,
974 870 1028 931 ani
1046 863 1080 930 ui
1100 867 1160 948 μὲν

64 961 212 1052 όμφοδοι
240 971 296 1052 τῆς
325 965 445 1042 πόλεως
477 965 614 1051 tanqam
648 965 813 1047 σπορίμων
850 969 1078 1048 παντοδαπῶν,
1113 949 1161 1041 οἷς

63 1071 238 1150 χαίρουσιν
266 1064 296 1132 οἱ
323 1071 387 1132 τῶν
417 1069 554 1150 dusinus
582 1064 803 1152 σπερμοφόγοι
834 1064 884 1150 (τὸ
915 1065 1076 1148 βόρβορον
1097 1065 1159 1156 γόρ

64 1167 127 1228 oriar
148 1158 237 1229 οἷνίει
258 1162 400 1248 όριιόζον
430 1164 486 1228 xus*
506 1171 732 1250 veronensis),
761 1158 847 1250 όρνις
868 1169 904 1230 δέ
925 1172 1022 1231 ποθεν
1046 1167 1084 1232 οδ
1106 1192 1160 1232 τια-

56 1269 201 1346 efflasse.
242 1265 354 1329 τούτοιν
378 1266 414 1330 δὲ
446 1259 534 1345 οἶμαι
555 1265 735 1349 καινότερον
765 1269 864 1330 ineisa
887 1260 934 1350 ἦν,
955 1261 1005 1331 ότι
1025 1291 1083 1348 περ
1106 1266 1161 1334 ότ-

9 1367 414 1448 ιιοτσδοιαταρραγὲντος,
435 1363 491 1430 κατ’
510 1367 544 1440 ἕξ
566 1356 612 1428 δν
640 1363 670 1428 oi
692 1367 806 1450 ἐχθροὶ
827 1365 1023 1450 ἐσκόρπιζον,
1042 1366 1161 1450 ainosis..

62 1487 120 1538 τες
141 1467 210 1544 μὲν,
233 1457 350 1528 asienus
371 1469 555 1548 ’σπείροντες
583 1468 619 1530 δὲ
651 1464 687 1528 τό
722 1465 817 1530 καλὸν
846 1463 920 1532 dios·
944 1459 1047 1551 όστν,
1066 1469 1162 1550 ληΐονν

63 1559 174 1646 σόσπερ
197 1564 405 1650 α’ναφιιόντονν
425 1567 552 1646 σοχνιιῖν
573 1567 627 1629 vui
655 1567 700 1642 εἰς
720 1565 819 1648 μῆκος
839 1565 1087 1646 ἐπιδεδωκότων,
1109 1567 1164 1654 οδ-

64 1666 123 1728 tes
145 1665 225 1741 ζιδον
252 1663 416 1749 ποηφόγον
446 1666 569 1730 ἐκεῖθεν
595 1653 743 1748 δνέρδανέ
763 1683 813 1745 τι,
843 1669 910 1729 o'll'
932 1661 1017 1749 εἶχεν
1038 1670 1162 1750 αἳρεσιν

65 1761 183 1838 κόνεως
205 1765 396 1854 indurandus
417 1756 498 1847 ἥπερ
520 1767 554 1828 ἐκ
585 1761 927 1849 reseruassemus»
951 1773 1062 1852 φαγεῖν
1080 1761 1163 1848 ιδςῆ

19 1865 345 1948 ιςπιφιιρμαγμένιον
375 1854 421 1939 οἷς
447 1860 482 1929 τό
515 1868 662 1947 περιέχον
676 1864 849 1948 μεμίαντο,
880 1856 900 1947 ἢ
913 1907 915 1912 -
932 1864 988 1928 ναὶ
1008 1860 1058 1929 ότι
1082 1863 1163 1929 κατὰ

61 1961 142 2038 τοός
164 1965 397 2050 ῳίιιιιομόνονς,
419 1961 461 2039 σός
484 1961 583 2046 λόγος,
612 1966 657 2051 aqi
672 1963 780 2028 ’πόλοι
796 1962 956 2047 Διομήδει
973 1968 1164 2044 σννεμίσονν
1213 2045 1216 2054 ι

62 2061 99 2130 τό
124 2062 289 2147 βόρβορον
309 2061 365 2127 κατ’
387 2062 490 2142 πότνι’,
514 2056 564 2128 οἷοι
585 2062 631 2149 μὴ
652 2060 769 2139 ἐθάδες
789 2061 923 2128 ἔναι’νοον.
976 2083 979 2088 ’
1157 2145 1158 2150 ¹

152 2159 224 2228 Kal
258 2163 399 2227 ιοιοῦτον
431 2164 492 2242 μὲν
514 2163 570 2228 καί
587 2166 698 2246 τοῦτο,
727 2167 931 2252 παραρριφὲν
952 2163 991 2228 οδ
1012 2165 1164 2248 περιττῶς

65 2267 113 2340 εἷς
132 2259 342 2348 συγγραφήν·
393 2261 413 2346 ἦ
443 2265 480 2328 δὲ
500 2263 591 2338 πόλις
620 2264 878 2349 εἰσπηδησόντοιν
897 2268 960 2330 τοῖν
979 2260 1162 2345 α’ντιμόχων

25 2361 207 2446 abinaam
228 2357 289 2427 όσα
311 2368 403 2448 φιλεῖ
428 2365 509 2445 δρᾶν
537 2356 646 2445 ἄγριος
665 2361 810 2445 πόλεμος.
853 2363 951 2430 suini
970 2367 1030 2443 μὲν
1050 2358 1162 2447 ἡμέτε-

73 2485 129 2544 ροι,
150 2463 213 2544 οδχ
235 2460 329 2543 ὁμὲν
360 2460 377 2526 ό
407 2465 435 2528 δ’
457 2454 513 2541 od,
538 2463 619 2526 α’λλδ
642 2462 753 2537 πάντες
773 2459 908 2548 ἔφευγον
928 2459 1164 2546 ἀμεταστρεπτὶ

68 2565 141 2626 καθ’
165 2557 367 2648 ὑπεξαίρεσιν
397 2561 625 2648 εδοριθμήτιον
646 2565 758 2643 τινῶν,
778 2558 853 2648 ὅπερ
876 2561 1018 2651 ἔφαμεν·
1062 2565 1097 2628 ἐν
1117 2552 1164 2638 οἷς

67 2855 155 2909 quum
173 2853 224 2889 nee
243 2839 370 2908 passeres
384 2855 434 2892 nec
453 2839 595 2892 columbas
622 2857 674 2893 neo
693 2841 776 2906 corvi,
794 2841 840 2910 qui
859 2849 923 2893 ants
941 2856 991 2893 nos
1011 2841 1097 2893 visere
1117 2857 1164 2892 so·

67 2909 176 2972 lebant,
195 2925 246 2960 nec
262 2910 316 2961 alia
334 2912 390 2962 avis
408 2926 521 2980 usquam
540 2927 589 2982 per
606 2926 696 2964 aerem
718 2919 867 2979 vagaretur,
885 2911 933 2962 sed
945 2911 1118 2964 avolaverunt
1135 2918 1165 2964 et

69 2987 252 3048 ecouspectu
281 2991 455 3033 evanuerant.
493 2991 576 3052 atque
605 2981 656 3034 hoc
677 2981 786 3052 quidem
807 2985 888 3034 etiam
908 2988 971 3052 post
988 2989 1095 3050 captam
1117 2998 1166 3035 ιιι-

68 3052 134 3104 bem
155 3051 282 3102 manebat
303 3052 480 3122 aliquamdiu,
505 3056 603 3104 timore
624 3053 727 3122 quippe
749 3055 830 3105 etiam
849 3052 994 3123 pecoribus
1012 3053 1164 3106 constratis.

69 3123 131 3176 dies
151 3124 222 3174 enim
241 3122 318 3174 multi
339 3123 473 3186 abierunt,
492 3122 557 3174 dam
574 3126 635 3175 viae
657 3123 731 3174 urbis
749 3123 871 3193 repletae
889 3132 953 3175 sunt
970 3124 1058 3190 granis
1074 3125 1166 3186 variis,

69 3209 145 3265 quae
166 3210 228 3245 aves
250 3195 338 3261 granis
357 3201 494 3245 vescentes
511 3203 604 3246 amant
630 3193 748 3265 (barbari
772 3193 845 3246 enim
866 3211 921 3246 nou
941 3193 1081 3247 cessabant
1099 3211 1165 3247 enn—
1266 3189 1267 3194 ’

70 3275 117 3318 eta
136 3279 230 3336 rapere
249 3274 277 3316 et
295 3267 430 3336 vastare),
458 3281 509 3318 neo
529 3267 586 3316 ulla
605 3266 661 3318 avis
689 3281 803 3336 usquam
820 3267 978 3334 comparuit.
1016 3282 1057 3317 res
1075 3274 1167 3319 antem

71 3339 157 3389 etiam
178 3335 329 3386 mirabilior
348 3335 415 3388 haee
436 3344 513 3398 erat,
532 3335 624 3406 quod,
664 3353 726 3387 uum
749 3335 835 3388 imber
854 3337 943 3406 largus
961 3335 1118 3388 defluxisset
1139 3346 1168 3389 et

73 3425 108 3460 ex
129 3409 171 3468 iis,
192 3423 261 3476 quae
280 3405 380 3470 hostes,
400 3416 512 3459 arantes
525 3407 567 3459 illi
593 3354 712 3476 quillsm,
731 3424 787 3459 non
799 3413 935 3471 terentes,
953 3408 1168 3460 venustissimam

73 3479 169 3532 urbem
189 3477 348 3540 universam,
366 3478 559 3549 disperserant,
578 3480 654 3548 qussi
666 3487 770 3548 segetes
792 3480 946 3532 luxuriosae
965 3485 1060 3530 enatae
1079 3487 1170 3532 essent

72 3551 153 3602 etin
182 3550 265 3601 allum
286 3551 447 3611 crevissent,
470 3550 577 3601 nullum
608 3551 707 3602 animal
732 3551 854 3619 gramine
879 3567 991 3620 pascens
1018 3548 1168 3622 quidquam

72 3619 140 3674 inde
163 3619 308 3690 carpebat,
334 3621 382 3672 sed
409 3621 539 3691 pabulum
566 3637 582 3671 e
609 3621 720 3690 pulvere
746 3622 901 3691 anquirere,
929 3638 1007 3691 quasa
1030 3621 1078 3672 illa
1096 3622 1168 3674 vesci

72 3692 159 3744 herba
178 3689 324 3752 malebant,
336 3693 400 3745 'sive
419 3690 494 3763 qnod
512 3700 701 3744 aversarentur
720 3709 777 3744 eam
798 3693 875 3762 quasi
895 3701 1066 3754 venenatam,
1087 3691 1166 3744 rebus

96 3762 177 3832 uippe
202 3762 327 3814 omnibus
355 3765 454 3816 circum
475 3763 592 3826 iniectis,
611 3763 666 3815 sive
684 3761 768 3833 quod,
787 3761 935 3815 secundum
954 3763 1074 3816 fabulam
1093 3763 1168 3816 illam

73 3781 112 3886 δα
129 3833 209 3902 prisci
229 3831 365 3886 Diomedis
395 3834 572 3898 animalibus,
590 3834 648 3904 ipsa
675 3851 786 3904 qnoque
811 3833 963 3899 barbaros,
981 3842 1077 3906 utpote
1095 3832 1168 3886 band

74 3905 132 3957 illis
152 3911 267 3966 assueta,
287 3902 415 3957 odissent.
635 3961 641 3970 ρ,

148 3977 237 4046 Atque
261 3974 329 4027 haec
359 3975 469 4048 quidem
499 3975 648 4036 hactenns,
666 3990 722 4027 non
745 3984 854 4045 praeter
879 3991 932 4026 rem
951 3974 1099 4028 narrationi
1119 3991 1170 4026 no-

76 4055 148 4100 strae
166 4047 336 4118 interposita.
375 4045 439 4099 urbs
457 4049 575 4109 interim,
596 4047 716 4098 irasente
737 4046 825 4110 hoste,
843 4061 921 4115 passa
940 4055 989 4109 est,
1007 4061 1077 4115 quae
1094 4055 1171 4099 atrox

75 4117 179 4170 bellurn
193 4112 287 4187 parare
303 4117 382 4171 solet.
401 4119 488 4171 nostri
506 4127 606 4178 autem,
627 4119 791 4186 non-passim
809 4116 920 4184 singuli,
937 4117 986 4168 sed
1003 4117 1092 4168 cuncti
1111 4118 1170 4168 sine

78 4195 201 4260 respectu
220 4188 380 4257 fugiebant,
405 4190 500 4262 paucis
526 4190 633 4261 aliquot
653 4189 793 4259 exceptis,
823 4197 852 4242 ut
875 4187 1005 4240 diximus:
1024 4189 1054 4240 in
1073 4187 1172 4257 quibus
