<?xml version="1.0" encoding="UTF-8"?>
<!DOCTYPE html PUBLIC "-//W3C//DTD XHTML 1.0 Transitional//EN"
    "http://www.w3.org/TR/xhtml1/DTD/xhtml1-transitional.dtd">
<html xmlns="http://www.w3.org/1999/xhtml" xml:lang="en" lang="en">
 <head>
  <title>
</title>
<meta http-equiv="Content-Type" content="text/html;charset=utf-8" />
  <meta name='ocr-system' content='tesseract 3.04.00' />
  <meta name='ocr-capabilities' content='ocr_page ocr_carea ocr_par ocr_line ocrx_word'/>
</head>
<body>
  <div class='ocr_page' id='page_1' title='image "./leonisgrammatic00gramgoog/leonisgrammatic00gramgoog_0175.png"; bbox 0 0 2888 4860; ppageno 0'>
   <div class='ocr_carea' id='block_1_1' title="bbox 283 280 1080 398">
    <p class='ocr_par' dir='ltr' id='par_1_1' title="bbox 283 280 1080 398">
     <span class='ocr_line' id='line_1_1' title="bbox 283 280 1080 398; baseline -0.004 -22"><span class='ocrx_word' id='word_1_1' title='bbox 283 305 354 378; x_wconf 80' lang='grc' dir='ltr'><strong><em>τσο</em></strong></span> <span class='ocrx_word' id='word_1_2' title='bbox 588 284 758 398; x_wconf 77' lang='lat' dir='ltr'><strong>[morus</strong></span> <span class='ocrx_word' id='word_1_3' title='bbox 788 280 1080 394; x_wconf 76' lang='lat' dir='ltr'><strong>uuuuuuucr]</strong></span> 
     </span>
    </p>
   </div>
   <div class='ocr_carea' id='block_1_2' title="bbox 178 475 1429 2860">
    <p class='ocr_par' dir='ltr' id='par_1_2' title="bbox 178 475 1429 2860">
     <span class='ocr_line' id='line_1_2' title="bbox 279 475 1384 569; baseline 0.002 -26"><span class='ocrx_word' id='word_1_4' title='bbox 279 475 420 564; x_wconf 75' lang='grc' dir='ltr'><strong><em>ἑκάστην,</em></strong></span> <span class='ocrx_word' id='word_1_5' title='bbox 442 479 498 545; x_wconf 83' lang='grc' dir='ltr'><strong><em>καί</em></strong></span> <span class='ocrx_word' id='word_1_6' title='bbox 516 479 808 564; x_wconf 80' lang='grc' dir='ltr'><strong><em>παραχειμάζοντες</em></strong></span> <span class='ocrx_word' id='word_1_7' title='bbox 838 482 873 544; x_wconf 81' lang='grc' dir='ltr'><strong><em>έν</em></strong></span> <span class='ocrx_word' id='word_1_8' title='bbox 896 482 941 568; x_wconf 75' lang='grc' dir='ltr'><strong><em>τῷ</em></strong></span> <span class='ocrx_word' id='word_1_9' title='bbox 960 477 1066 566; x_wconf 83' lang='grc' dir='ltr'><strong><em>κάλιιφ</em></strong></span> <span class='ocrx_word' id='word_1_10' title='bbox 1086 478 1142 542; x_wconf 82' lang='grc' dir='ltr'><strong><em>καί</em></strong></span> <span class='ocrx_word' id='word_1_11' title='bbox 1161 477 1306 569; x_wconf 76' lang='grc' dir='ltr'><strong><em>Κυζίκῳ,</em></strong></span> <span class='ocrx_word' id='word_1_12' title='bbox 1327 481 1384 546; x_wconf 73' lang='lat' dir='ltr'><strong><em>iul</em></strong></span> 
     </span>
     <span class='ocr_line' id='line_1_3' title="bbox 279 571 1384 664; baseline 0.004 -24"><span class='ocrx_word' id='word_1_13' title='bbox 279 571 357 641; x_wconf 73' lang='grc' dir='ltr'><strong><em>ἑπτά</em></strong></span> <span class='ocrx_word' id='word_1_14' title='bbox 389 576 444 660; x_wconf 81' lang='grc' dir='ltr'><strong><em>ἔτη</em></strong></span> <span class='ocrx_word' id='word_1_15' title='bbox 476 583 686 660; x_wconf 71' lang='grc' dir='ltr'><strong><em>πολεμοῦντες</em></strong></span> <span class='ocrx_word' id='word_1_16' title='bbox 705 578 1047 644; x_wconf 83' lang='grc' dir='ltr'><strong><em>Κωνσταντινοάυολιν.</em></strong></span> <span class='ocrx_word' id='word_1_17' title='bbox 1103 579 1143 664; x_wconf 80' lang='grc' dir='ltr'><strong><em>τῆ</em></strong></span> <span class='ocrx_word' id='word_1_18' title='bbox 1162 579 1199 642; x_wconf 77' lang='grc' dir='ltr'><strong><em>δὲ</em></strong></span> <span class='ocrx_word' id='word_1_19' title='bbox 1217 581 1277 643; x_wconf 77' lang='grc' dir='ltr'><strong><em>τοῦ</em></strong></span> <span class='ocrx_word' id='word_1_20' title='bbox 1299 582 1384 644; x_wconf 77' lang='grc' dir='ltr'><strong><em>θεοῦ</em></strong></span> 
     </span>
     <span class='ocr_line' id='line_1_4' title="bbox 277 675 1381 766; baseline 0.004 -26"><span class='ocrx_word' id='word_1_21' title='bbox 277 678 388 762; x_wconf 89' lang='grc' dir='ltr'><strong><em>χάριτι</em></strong></span> <span class='ocrx_word' id='word_1_22' title='bbox 408 682 717 766; x_wconf 75' lang='grc' dir='ltr'><strong><em>καταπολεμηθέντες</em></strong></span> <span class='ocrx_word' id='word_1_23' title='bbox 740 677 801 742; x_wconf 79' lang='grc' dir='ltr'><strong><em>άτιό</em></strong></span> <span class='ocrx_word' id='word_1_24' title='bbox 825 681 890 742; x_wconf 74' lang='grc' dir='ltr'><strong><em>τοῖν</em></strong></span> <span class='ocrx_word' id='word_1_25' title='bbox 912 677 1098 756; x_wconf 74' lang='grc' dir='ltr'><strong><em>Βυζαντίων</em></strong></span> <span class='ocrx_word' id='word_1_26' title='bbox 1117 675 1179 741; x_wconf 78' lang='lat' dir='ltr'><strong>riui</strong></span> <span class='ocrx_word' id='word_1_27' title='bbox 1198 679 1260 742; x_wconf 84' lang='grc' dir='ltr'><strong><em>τοά</em></strong></span> <span class='ocrx_word' id='word_1_28' title='bbox 1281 702 1381 764; x_wconf 88' lang='grc' dir='ltr'><strong><em>στρα-</em></strong></span> 
     </span>
     <span class='ocr_line' id='line_1_5' title="bbox 277 771 1380 861; baseline 0.001 -19"><span class='ocrx_word' id='word_1_29' title='bbox 277 781 336 843; x_wconf 74' lang='lat' dir='ltr'><strong>aori</strong></span> <span class='ocrx_word' id='word_1_30' title='bbox 357 779 419 842; x_wconf 78' lang='grc' dir='ltr'><strong><em>τεόν</em></strong></span> <span class='ocrx_word' id='word_1_31' title='bbox 439 781 696 861; x_wconf 79' lang='grc' dir='ltr'><strong><em>Κιβυρραιωτοόν</em></strong></span> <span class='ocrx_word' id='word_1_32' title='bbox 731 771 826 852; x_wconf 74' lang='grc' dir='ltr'><strong><em>αὖθις</em></strong></span> <span class='ocrx_word' id='word_1_33' title='bbox 855 779 1083 860; x_wconf 72' lang='grc' dir='ltr'><strong><em>πολεμηθέίτες</em></strong></span> <span class='ocrx_word' id='word_1_34' title='bbox 1103 771 1300 861; x_wconf 70' lang='grc' dir='ltr'><strong><em>ἡττήθησαν,</em></strong></span> <span class='ocrx_word' id='word_1_35' title='bbox 1321 781 1380 860; x_wconf 81' lang='grc' dir='ltr'><strong><em>έμ-</em></strong></span> 
     </span>
     <span class='ocr_line' id='line_1_6' title="bbox 278 870 1402 960; baseline -0.001 -20"><span class='ocrx_word' id='word_1_36' title='bbox 278 879 486 960; x_wconf 87' lang='grc' dir='ltr'><strong><em>τιρησθέντων</em></strong></span> <span class='ocrx_word' id='word_1_37' title='bbox 506 879 563 941; x_wconf 79' lang='grc' dir='ltr'><strong><em>καί</em></strong></span> <span class='ocrx_word' id='word_1_38' title='bbox 582 881 644 942; x_wconf 80' lang='grc' dir='ltr'><strong><em>τάν</em></strong></span> <span class='ocrx_word' id='word_1_39' title='bbox 662 883 780 942; x_wconf 81' lang='grc' dir='ltr'><strong><em>πλοίων</em></strong></span> <span class='ocrx_word' id='word_1_40' title='bbox 808 877 916 942; x_wconf 72' lang='lat' dir='ltr'><strong>aristis</strong></span> <span class='ocrx_word' id='word_1_41' title='bbox 945 870 1006 939; x_wconf 85' lang='grc' dir='ltr'><strong><em>άκιό</em></strong></span> <span class='ocrx_word' id='word_1_42' title='bbox 1032 879 1089 940; x_wconf 77' lang='grc' dir='ltr'><strong><em>τοῦ</em></strong></span> <span class='ocrx_word' id='word_1_43' title='bbox 1107 873 1297 952; x_wconf 81' lang='grc' dir='ltr'><strong><em>άδατιάδους</em></strong></span> <span class='ocrx_word' id='word_1_44' title='bbox 1316 888 1402 942; x_wconf 79' lang='grc' dir='ltr'><strong><em>ιτα-5</em></strong></span> 
     </span>
     <span class='ocr_line' id='line_1_7' title="bbox 278 972 1429 1061; baseline 0.003 -23"><span class='ocrx_word' id='word_1_45' title='bbox 278 973 349 1058; x_wconf 91' lang='grc' dir='ltr'><strong><em>ρός.</em></strong></span> <span class='ocrx_word' id='word_1_46' title='bbox 390 973 583 1052; x_wconf 70' lang='grc' dir='ltr'><strong><em>Καλλίνικος</em></strong></span> <span class='ocrx_word' id='word_1_47' title='bbox 601 976 662 1060; x_wconf 71' lang='grc' dir='ltr'><strong><em>γάρ</em></strong></span> <span class='ocrx_word' id='word_1_48' title='bbox 688 999 738 1051; x_wconf 90' lang='grc' dir='ltr'><strong><em>τις</em></strong></span> <span class='ocrx_word' id='word_1_49' title='bbox 762 978 956 1061; x_wconf 85' lang='grc' dir='ltr'><strong><em>α’ρχιτὲκτοον</em></strong></span> <span class='ocrx_word' id='word_1_50' title='bbox 978 972 1040 1038; x_wconf 82' lang='grc' dir='ltr'><strong><em>άνιό</em></strong></span> <span class='ocrx_word' id='word_1_51' title='bbox 1060 974 1295 1054; x_wconf 77' lang='grc' dir='ltr'><strong><em>Ἡλιουπόλεως</em></strong></span> <span class='ocrx_word' id='word_1_52' title='bbox 1314 979 1379 1041; x_wconf 80' lang='grc' dir='ltr'><strong><em>Συ·</em></strong></span> <span class='ocrx_word' id='word_1_53' title='bbox 1427 991 1429 1004; x_wconf 82' lang='grc'><em>“</em></span> 
     </span>
     <span class='ocr_line' id='line_1_8' title="bbox 277 1071 1378 1162; baseline 0.002 -23"><span class='ocrx_word' id='word_1_54' title='bbox 277 1077 352 1158; x_wconf 89' lang='grc' dir='ltr'><strong><em>ριάς</em></strong></span> <span class='ocrx_word' id='word_1_55' title='bbox 372 1072 569 1162; x_wconf 81' lang='grc' dir='ltr'><strong><em>προσφυγοάν</em></strong></span> <span class='ocrx_word' id='word_1_56' title='bbox 599 1082 666 1151; x_wconf 80' lang='grc' dir='ltr'><strong><em>τοῖς</em></strong></span> <span class='ocrx_word' id='word_1_57' title='bbox 690 1074 862 1155; x_wconf 82' lang='grc' dir='ltr'><strong><em>Ῥωμαίοις</em></strong></span> <span class='ocrx_word' id='word_1_58' title='bbox 890 1077 956 1156; x_wconf 72' lang='lat' dir='ltr'><strong>urin</strong></span> <span class='ocrx_word' id='word_1_59' title='bbox 978 1071 1078 1158; x_wconf 80' lang='grc' dir='ltr'><strong><em>άχρόν</em></strong></span> <span class='ocrx_word' id='word_1_60' title='bbox 1101 1074 1244 1158; x_wconf 85' lang='grc' dir='ltr'><strong><em>άρχῆθεν</em></strong></span> <span class='ocrx_word' id='word_1_61' title='bbox 1266 1076 1378 1153; x_wconf 84' lang='grc' dir='ltr'><strong><em>αάτοῑς</em></strong></span> 
     </span>
     <span class='ocr_line' id='line_1_9' title="bbox 277 1170 1376 1259; baseline -0.004 -21"><span class='ocrx_word' id='word_1_62' title='bbox 277 1175 496 1259; x_wconf 81' lang='grc' dir='ltr'><strong><em>κατεσκεύασε,</em></strong></span> <span class='ocrx_word' id='word_1_63' title='bbox 516 1175 570 1240; x_wconf 78' lang='grc' dir='ltr'><strong><em>καί</em></strong></span> <span class='ocrx_word' id='word_1_64' title='bbox 589 1173 628 1238; x_wconf 86' lang='grc' dir='ltr'><strong><em>τά</em></strong></span> <span class='ocrx_word' id='word_1_65' title='bbox 650 1176 714 1240; x_wconf 74' lang='grc' dir='ltr'><strong><em>τοῖν</em></strong></span> <span class='ocrx_word' id='word_1_66' title='bbox 730 1175 878 1257; x_wconf 82' lang='grc' dir='ltr'><strong><em>Ἀράβων</em></strong></span> <span class='ocrx_word' id='word_1_67' title='bbox 897 1170 1006 1259; x_wconf 91' lang='grc' dir='ltr'><strong><em>σκάφη</em></strong></span> <span class='ocrx_word' id='word_1_68' title='bbox 1021 1174 1225 1258; x_wconf 76' lang='grc' dir='ltr'><strong><em>καταπρήσας</em></strong></span> <span class='ocrx_word' id='word_1_69' title='bbox 1247 1174 1376 1258; x_wconf 77' lang='grc' dir='ltr'><strong><em>σάμψα.</em></strong></span> 
     </span>
     <span class='ocr_line' id='line_1_10' title="bbox 277 1268 1375 1359; baseline 0.003 -21"><span class='ocrx_word' id='word_1_70' title='bbox 277 1298 324 1356; x_wconf 89' lang='grc' dir='ltr'><strong><em>χα</em></strong></span> <span class='ocrx_word' id='word_1_71' title='bbox 343 1272 497 1339; x_wconf 77' lang='grc' dir='ltr'><strong><em>ἀπώλεσε.</em></strong></span> <span class='ocrx_word' id='word_1_72' title='bbox 519 1276 576 1340; x_wconf 82' lang='grc' dir='ltr'><strong><em>καί</em></strong></span> <span class='ocrx_word' id='word_1_73' title='bbox 595 1268 697 1350; x_wconf 70' lang='grc' dir='ltr'><strong><em>οὕτως</em></strong></span> <span class='ocrx_word' id='word_1_74' title='bbox 717 1273 748 1339; x_wconf 80' lang='grc' dir='ltr'><strong><em>οἱ</em></strong></span> <span class='ocrx_word' id='word_1_75' title='bbox 764 1273 916 1356; x_wconf 83' lang='grc' dir='ltr'><strong><em>Ῥωμαῖοι</em></strong></span> <span class='ocrx_word' id='word_1_76' title='bbox 928 1269 1018 1355; x_wconf 70' lang='grc' dir='ltr'><strong><em>,μετά</em></strong></span> <span class='ocrx_word' id='word_1_77' title='bbox 1041 1276 1127 1358; x_wconf 83' lang='grc' dir='ltr'><strong><em>νίκης</em></strong></span> <span class='ocrx_word' id='word_1_78' title='bbox 1141 1274 1282 1359; x_wconf 77' lang='grc' dir='ltr'><strong><em>μεγάλης</em></strong></span> <span class='ocrx_word' id='word_1_79' title='bbox 1300 1274 1375 1342; x_wconf 77' lang='grc' dir='ltr'><strong><em>διιέ-</em></strong></span> 
     </span>
     <span class='ocr_line' id='line_1_11' title="bbox 277 1371 1409 1459; baseline -0.004 -20"><span class='ocrx_word' id='word_1_80' title='bbox 277 1387 430 1458; x_wconf 81' lang='grc' dir='ltr'><strong><em>στρεψαν,</em></strong></span> <span class='ocrx_word' id='word_1_81' title='bbox 451 1373 551 1439; x_wconf 81' lang='grc' dir='ltr'><strong><em>ἔκτοτε</em></strong></span> <span class='ocrx_word' id='word_1_82' title='bbox 574 1371 671 1458; x_wconf 81' lang='grc' dir='ltr'><strong><em>άχρόν</em></strong></span> <span class='ocrx_word' id='word_1_83' title='bbox 691 1377 756 1459; x_wconf 74' lang='grc' dir='ltr'><strong><em>πάρ</em></strong></span> <span class='ocrx_word' id='word_1_84' title='bbox 781 1371 978 1458; x_wconf 77' lang='grc' dir='ltr'><strong><em>ἐφευρόντες.</em></strong></span> <span class='ocrx_word' id='word_1_85' title='bbox 1382 1383 1409 1434; x_wconf 80' lang='lat' dir='ltr'><strong><em>w</em></strong></span> 
     </span>
     <span class='ocr_line' id='line_1_12' title="bbox 363 1475 1376 1560; baseline 0.002 -22"><span class='ocrx_word' id='word_1_86' title='bbox 363 1475 523 1556; x_wconf 75' lang='grc' dir='ltr'><strong><em>Εἰσῆλθεν</em></strong></span> <span class='ocrx_word' id='word_1_87' title='bbox 544 1477 581 1539; x_wconf 81' lang='grc' dir='ltr'><strong><em>δὲ</em></strong></span> <span class='ocrx_word' id='word_1_88' title='bbox 599 1475 629 1540; x_wconf 81' lang='grc' dir='ltr'><strong><em>οἱ</em></strong></span> <span class='ocrx_word' id='word_1_89' title='bbox 644 1476 839 1559; x_wconf 83' lang='grc' dir='ltr'><strong><em>Μαρδάϊται</em></strong></span> <span class='ocrx_word' id='word_1_90' title='bbox 860 1477 906 1550; x_wconf 82' lang='grc' dir='ltr'><strong><em>εἰς</em></strong></span> <span class='ocrx_word' id='word_1_91' title='bbox 925 1476 981 1540; x_wconf 88' lang='grc' dir='ltr'><strong><em>τόν</em></strong></span> <span class='ocrx_word' id='word_1_92' title='bbox 1001 1480 1145 1560; x_wconf 81' lang='grc' dir='ltr'><strong><em>Λιβάνου</em></strong></span> <span class='ocrx_word' id='word_1_93' title='bbox 1166 1475 1301 1560; x_wconf 76' lang='grc' dir='ltr'><strong><em>Συρίας,</em></strong></span> <span class='ocrx_word' id='word_1_94' title='bbox 1324 1479 1376 1540; x_wconf 80' lang='grc' dir='ltr'><strong><em>καί</em></strong></span> 
     </span>
     <span class='ocr_line' id='line_1_13' title="bbox 277 1573 1376 1662; baseline -0.002 -22"><span class='ocrx_word' id='word_1_95' title='bbox 277 1573 457 1657; x_wconf 73' lang='grc' dir='ltr'><strong><em>ἐκράτησαν</em></strong></span> <span class='ocrx_word' id='word_1_96' title='bbox 481 1573 591 1639; x_wconf 85' lang='grc' dir='ltr'><strong><em>αάτόν.</em></strong></span> <span class='ocrx_word' id='word_1_97' title='bbox 634 1579 689 1639; x_wconf 85' lang='grc' dir='ltr'><strong><em>καί</em></strong></span> <span class='ocrx_word' id='word_1_98' title='bbox 708 1577 845 1648; x_wconf 80' lang='grc' dir='ltr'><strong><em>Μανίας</em></strong></span> <span class='ocrx_word' id='word_1_99' title='bbox 865 1579 1020 1660; x_wconf 81' lang='grc' dir='ltr'><strong><em>φοβηθείς</em></strong></span> <span class='ocrx_word' id='word_1_100' title='bbox 1044 1577 1174 1662; x_wconf 85' lang='grc' dir='ltr'><strong><em>σφόδρα</em></strong></span> <span class='ocrx_word' id='word_1_101' title='bbox 1192 1577 1376 1642; x_wconf 78' lang='grc' dir='ltr'><strong><em>άιιοστέλλει</em></strong></span> 
     </span>
     <span class='ocr_line' id='line_1_14' title="bbox 278 1673 1377 1761; baseline 0.004 -25"><span class='ocrx_word' id='word_1_102' title='bbox 278 1676 427 1756; x_wconf 80' lang='grc' dir='ltr'><strong><em>πρέσβεις</em></strong></span> <span class='ocrx_word' id='word_1_103' title='bbox 448 1673 528 1756; x_wconf 80' lang='grc' dir='ltr'><strong><em>πρὸς</em></strong></span> <span class='ocrx_word' id='word_1_104' title='bbox 560 1673 617 1739; x_wconf 89' lang='grc' dir='ltr'><strong><em>τόν</em></strong></span> <span class='ocrx_word' id='word_1_105' title='bbox 636 1677 782 1756; x_wconf 81' lang='grc' dir='ltr'><strong><em>βασιλέα,</em></strong></span> <span class='ocrx_word' id='word_1_106' title='bbox 810 1676 909 1758; x_wconf 80' lang='grc' dir='ltr'><strong><em>ζητῶν</em></strong></span> <span class='ocrx_word' id='word_1_107' title='bbox 930 1675 1067 1761; x_wconf 76' lang='grc' dir='ltr'><strong><em>εἰρήνην,</em></strong></span> <span class='ocrx_word' id='word_1_108' title='bbox 1089 1674 1309 1758; x_wconf 70' lang='grc' dir='ltr'><strong><em>ὑποσχόμενος</em></strong></span> <span class='ocrx_word' id='word_1_109' title='bbox 1328 1673 1377 1740; x_wconf 79' lang='grc' dir='ltr'><strong><em>καί</em></strong></span> 
     </span>
     <span class='ocr_line' id='line_1_15' title="bbox 276 1770 1376 1858; baseline 0 -20"><span class='ocrx_word' id='word_1_110' title='bbox 276 1770 389 1856; x_wconf 79' lang='grc' dir='ltr'><strong><em>έτήσία</em></strong></span> <span class='ocrx_word' id='word_1_111' title='bbox 410 1773 525 1838; x_wconf 79' lang='grc' dir='ltr'><strong><em>πάντα.</em></strong></span> <span class='ocrx_word' id='word_1_112' title='bbox 568 1772 584 1837; x_wconf 88' lang='grc' dir='ltr'><strong><em>δ</em></strong></span> <span class='ocrx_word' id='word_1_113' title='bbox 608 1775 644 1839; x_wconf 81' lang='grc' dir='ltr'><strong><em>δὲ</em></strong></span> <span class='ocrx_word' id='word_1_114' title='bbox 665 1770 815 1855; x_wconf 86' lang='grc' dir='ltr'><strong><em>βασιλεός</em></strong></span> <span class='ocrx_word' id='word_1_115' title='bbox 837 1772 912 1848; x_wconf 84' lang='grc' dir='ltr'><strong><em>τοάς</em></strong></span> <span class='ocrx_word' id='word_1_116' title='bbox 938 1777 1086 1858; x_wconf 80' lang='grc' dir='ltr'><strong><em>πρέσβεις</em></strong></span> <span class='ocrx_word' id='word_1_117' title='bbox 1106 1772 1278 1855; x_wconf 83' lang='grc' dir='ltr'><strong><em>δεξάμενος</em></strong></span> <span class='ocrx_word' id='word_1_118' title='bbox 1301 1775 1376 1840; x_wconf 81' lang='lat' dir='ltr'><strong>cina·</strong></span> 
     </span>
     <span class='ocr_line' id='line_1_16' title="bbox 277 1869 1405 1959; baseline -0.004 -21"><span class='ocrx_word' id='word_1_119' title='bbox 277 1875 402 1938; x_wconf 76' lang='grc' dir='ltr'><strong><em>στέλλει</em></strong></span> <span class='ocrx_word' id='word_1_120' title='bbox 421 1869 481 1938; x_wconf 85' lang='grc' dir='ltr'><strong><em>σάν</em></strong></span> <span class='ocrx_word' id='word_1_121' title='bbox 511 1875 620 1950; x_wconf 67' lang='grc' dir='ltr'><strong><em>αὐτοῖς</em></strong></span> <span class='ocrx_word' id='word_1_122' title='bbox 639 1872 786 1957; x_wconf 82' lang='grc' dir='ltr'><strong><em>Ἰωάννην</em></strong></span> <span class='ocrx_word' id='word_1_123' title='bbox 807 1871 970 1956; x_wconf 85' lang='grc' dir='ltr'><strong><em>κατρίκιον</em></strong></span> <span class='ocrx_word' id='word_1_124' title='bbox 997 1873 1053 1939; x_wconf 89' lang='grc' dir='ltr'><strong><em>τόν</em></strong></span> <span class='ocrx_word' id='word_1_125' title='bbox 1074 1873 1318 1959; x_wconf 85' lang='grc' dir='ltr'><strong><em>Πιτζογάβδην,</em></strong></span> <span class='ocrx_word' id='word_1_126' title='bbox 1337 1870 1405 1950; x_wconf 74' lang='grc' dir='ltr'><strong><em>άςίό</em></strong></span> 
     </span>
     <span class='ocr_line' id='line_1_17' title="bbox 278 1970 1376 2065; baseline 0.002 -28"><span class='ocrx_word' id='word_1_127' title='bbox 278 1976 469 2065; x_wconf 67' lang='grc' dir='ltr'><strong><em>πολυπειρία</em></strong></span> <span class='ocrx_word' id='word_1_128' title='bbox 503 1974 561 2041; x_wconf 82' lang='grc' dir='ltr'><strong><em>καί</em></strong></span> <span class='ocrx_word' id='word_1_129' title='bbox 596 1970 750 2060; x_wconf 87' lang='grc' dir='ltr'><strong><em>φρονήσει</em></strong></span> <span class='ocrx_word' id='word_1_130' title='bbox 786 1977 1047 2057; x_wconf 74' lang='grc' dir='ltr'><strong><em>κεκοσμημένον,</em></strong></span> <span class='ocrx_word' id='word_1_131' title='bbox 1076 1976 1290 2058; x_wconf 86' lang='grc' dir='ltr'><strong><em>διαλεχθῆναι</em></strong></span> <span class='ocrx_word' id='word_1_132' title='bbox 1319 1983 1376 2050; x_wconf 82' lang='grc' dir='ltr'><strong><em>τοῖς</em></strong></span> 
     </span>
     <span class='ocr_line' id='line_1_18' title="bbox 178 2064 1375 2158; baseline 0 -20"><span class='ocrx_word' id='word_1_133' title='bbox 178 2095 179 2098; x_wconf 71' lang='grc'>’</span> <span class='ocrx_word' id='word_1_134' title='bbox 271 2064 421 2154; x_wconf 62' lang='lat' dir='ltr'><strong><em>&#39;Annuus‘</em></strong></span> <span class='ocrx_word' id='word_1_135' title='bbox 476 2075 539 2138; x_wconf 77' lang='grc' dir='ltr'><strong><em>τάν</em></strong></span> <span class='ocrx_word' id='word_1_136' title='bbox 570 2075 606 2139; x_wconf 71' lang='lat' dir='ltr'><strong><em>tt</em></strong></span> <span class='ocrx_word' id='word_1_137' title='bbox 625 2073 774 2155; x_wconf 80' lang='grc' dir='ltr'><strong><em>Ἀράβων</em></strong></span> <span class='ocrx_word' id='word_1_138' title='bbox 800 2072 1037 2155; x_wconf 74' lang='grc' dir='ltr'><strong><em>θαυμασάντων</em></strong></span> <span class='ocrx_word' id='word_1_139' title='bbox 1063 2071 1121 2156; x_wconf 89' lang='grc' dir='ltr'><strong><em>τῆν</em></strong></span> <span class='ocrx_word' id='word_1_140' title='bbox 1149 2070 1310 2158; x_wconf 87' lang='grc' dir='ltr'><strong><em>φρόνησιν</em></strong></span> <span class='ocrx_word' id='word_1_141' title='bbox 1329 2075 1375 2138; x_wconf 84' lang='grc' dir='ltr'><strong><em>καί</em></strong></span> 
     </span>
     <span class='ocr_line' id='line_1_19' title="bbox 280 2169 1374 2259; baseline 0 -23"><span class='ocrx_word' id='word_1_142' title='bbox 280 2172 444 2255; x_wconf 78' lang='grc' dir='ltr'><strong><em>άχχίνοιαν</em></strong></span> <span class='ocrx_word' id='word_1_143' title='bbox 464 2176 575 2256; x_wconf 83' lang='grc' dir='ltr'><strong><em>ου’τοῦ,</em></strong></span> <span class='ocrx_word' id='word_1_144' title='bbox 596 2172 826 2259; x_wconf 75' lang='grc' dir='ltr'><strong><em>συνεφώνησαν</em></strong></span> <span class='ocrx_word' id='word_1_145' title='bbox 858 2173 1010 2256; x_wconf 79' lang='grc' dir='ltr'><strong><em>παρέχειν</em></strong></span> <span class='ocrx_word' id='word_1_146' title='bbox 1027 2172 1198 2252; x_wconf 86' lang='grc' dir='ltr'><strong><em>Ῥωμαίοις</em></strong></span> <span class='ocrx_word' id='word_1_147' title='bbox 1220 2178 1293 2236; x_wconf 85' lang='grc' dir='ltr'><strong><em>κατ’</em></strong></span> <span class='ocrx_word' id='word_1_148' title='bbox 1313 2169 1374 2246; x_wconf 81' lang='grc' dir='ltr'><strong><em>ἔτος</em></strong></span> 
     </span>
     <span class='ocr_line' id='line_1_20' title="bbox 278 2268 1377 2357; baseline -0.004 -19"><span class='ocrx_word' id='word_1_149' title='bbox 278 2274 407 2357; x_wconf 80' lang='grc' dir='ltr'><strong><em>χρυσοῦ</em></strong></span> <span class='ocrx_word' id='word_1_150' title='bbox 430 2271 581 2355; x_wconf 86' lang='grc' dir='ltr'><strong><em>χιλιάδας</em></strong></span> <span class='ocrx_word' id='word_1_151' title='bbox 609 2274 687 2336; x_wconf 84' lang='grc' dir='ltr'><strong><em>δέκα</em></strong></span> <span class='ocrx_word' id='word_1_152' title='bbox 715 2271 771 2336; x_wconf 82' lang='grc' dir='ltr'><strong><em>καί</em></strong></span> <span class='ocrx_word' id='word_1_153' title='bbox 800 2269 1022 2354; x_wconf 77' lang='grc' dir='ltr'><strong><em>αι’χμαλάτοσς</em></strong></span> <span class='ocrx_word' id='word_1_154' title='bbox 1048 2269 1199 2352; x_wconf 77' lang='grc' dir='ltr'><strong><em>χιλιάδας</em></strong></span> <span class='ocrx_word' id='word_1_155' title='bbox 1225 2268 1309 2336; x_wconf 82' lang='grc' dir='ltr'><strong><em>σ’κτοὶ</em></strong></span> <span class='ocrx_word' id='word_1_156' title='bbox 1329 2270 1377 2334; x_wconf 83' lang='grc' dir='ltr'><strong><em>καί</em></strong></span> 
     </span>
     <span class='ocr_line' id='line_1_21' title="bbox 280 2367 1407 2455; baseline -0.002 -19"><span class='ocrx_word' id='word_1_157' title='bbox 280 2373 398 2450; x_wconf 80' lang='grc' dir='ltr'><strong><em>ἵππους</em></strong></span> <span class='ocrx_word' id='word_1_158' title='bbox 433 2372 570 2454; x_wconf 83' lang='grc' dir='ltr'><strong><em>εάχενεῖς</em></strong></span> <span class='ocrx_word' id='word_1_159' title='bbox 590 2367 787 2454; x_wconf 79' lang='grc' dir='ltr'><strong><em>πεντήκοντα.</em></strong></span> <span class='ocrx_word' id='word_1_160' title='bbox 828 2371 928 2435; x_wconf 77' lang='grc' dir='ltr'><strong><em>ταῦτα</em></strong></span> <span class='ocrx_word' id='word_1_161' title='bbox 956 2369 1131 2455; x_wconf 83' lang='grc' dir='ltr'><strong><em>ἐστοιχῆθη</em></strong></span> <span class='ocrx_word' id='word_1_162' title='bbox 1151 2372 1306 2436; x_wconf 81' lang='grc' dir='ltr'><strong><em>δίδοσθαι</em></strong></span> <span class='ocrx_word' id='word_1_163' title='bbox 1330 2367 1407 2435; x_wconf 64' lang='lat' dir='ltr'><strong><em>tura</em></strong></span> 
     </span>
     <span class='ocr_line' id='line_1_22' title="bbox 281 2463 1374 2554; baseline -0.002 -20"><span class='ocrx_word' id='word_1_164' title='bbox 281 2469 409 2554; x_wconf 89' lang='grc' dir='ltr'><strong><em>χρόνοις</em></strong></span> <span class='ocrx_word' id='word_1_165' title='bbox 431 2469 618 2554; x_wconf 86' lang='grc' dir='ltr'><strong><em>τριάκοντα,</em></strong></span> <span class='ocrx_word' id='word_1_166' title='bbox 647 2464 728 2534; x_wconf 78' lang='grc' dir='ltr'><strong><em>σῗστε</em></strong></span> <span class='ocrx_word' id='word_1_167' title='bbox 759 2463 841 2534; x_wconf 76' lang='grc' dir='ltr'><strong><em>εἶναι</em></strong></span> <span class='ocrx_word' id='word_1_168' title='bbox 873 2475 1025 2535; x_wconf 82' lang='grc' dir='ltr'><strong><em>πλατεῖαν</em></strong></span> <span class='ocrx_word' id='word_1_169' title='bbox 1046 2469 1174 2554; x_wconf 82' lang='grc' dir='ltr'><strong><em>εἰρήνην</em></strong></span> <span class='ocrx_word' id='word_1_170' title='bbox 1196 2466 1374 2551; x_wconf 82' lang='grc' dir='ltr'><strong><em>άναμεταξά</em></strong></span> 
     </span>
     <span class='ocr_line' id='line_1_23' title="bbox 278 2563 1376 2658; baseline -0.005 -21"><span class='ocrx_word' id='word_1_171' title='bbox 278 2563 429 2658; x_wconf 86' lang='grc' dir='ltr'><strong><em>Ἀράβων</em></strong></span> <span class='ocrx_word' id='word_1_172' title='bbox 448 2575 504 2636; x_wconf 81' lang='grc' dir='ltr'><strong><em>καί</em></strong></span> <span class='ocrx_word' id='word_1_173' title='bbox 518 2569 697 2652; x_wconf 84' lang='grc' dir='ltr'><strong><em>Ῥωμαίων.</em></strong></span> <span class='ocrx_word' id='word_1_174' title='bbox 740 2564 892 2644; x_wconf 82' lang='grc' dir='ltr'><strong><em>ιδσαότως</em></strong></span> <span class='ocrx_word' id='word_1_175' title='bbox 914 2571 970 2632; x_wconf 83' lang='grc' dir='ltr'><strong><em>καί</em></strong></span> <span class='ocrx_word' id='word_1_176' title='bbox 989 2566 1019 2632; x_wconf 80' lang='grc' dir='ltr'><strong><em>οἱ</em></strong></span> <span class='ocrx_word' id='word_1_177' title='bbox 1041 2568 1079 2632; x_wconf 84' lang='grc' dir='ltr'><strong><em>τά</em></strong></span> <span class='ocrx_word' id='word_1_178' title='bbox 1100 2563 1235 2653; x_wconf 73' lang='grc' dir='ltr'><strong><em>ἑσπέρια</em></strong></span> <span class='ocrx_word' id='word_1_179' title='bbox 1258 2571 1376 2635; x_wconf 74' lang='lat' dir='ltr'><strong>visurin-</strong></span> 
     </span>
     <span class='ocr_line' id='line_1_24' title="bbox 282 2664 1375 2754; baseline -0.002 -20"><span class='ocrx_word' id='word_1_180' title='bbox 282 2693 332 2745; x_wconf 88' lang='grc' dir='ltr'><strong><em>τες</em></strong></span> <span class='ocrx_word' id='word_1_181' title='bbox 355 2671 497 2754; x_wconf 77' lang='grc' dir='ltr'><strong><em>Σκάθαι,</em></strong></span> <span class='ocrx_word' id='word_1_182' title='bbox 527 2664 545 2734; x_wconf 81' lang='grc' dir='ltr'><strong><em>ό</em></strong></span> <span class='ocrx_word' id='word_1_183' title='bbox 567 2692 601 2735; x_wconf 87' lang='grc' dir='ltr'><strong><em>τε</em></strong></span> <span class='ocrx_word' id='word_1_184' title='bbox 620 2669 759 2752; x_wconf 77' lang='grc' dir='ltr'><strong><em>χαχάνος</em></strong></span> <span class='ocrx_word' id='word_1_185' title='bbox 788 2665 845 2732; x_wconf 82' lang='grc' dir='ltr'><strong><em>καί</em></strong></span> <span class='ocrx_word' id='word_1_186' title='bbox 866 2666 895 2732; x_wconf 81' lang='grc' dir='ltr'><strong><em>οἱ</em></strong></span> <span class='ocrx_word' id='word_1_187' title='bbox 915 2671 1058 2733; x_wconf 84' lang='grc' dir='ltr'><strong><em>έσίκεινσ</em></strong></span> <span class='ocrx_word' id='word_1_188' title='bbox 1079 2669 1173 2754; x_wconf 73' lang='grc' dir='ltr'><strong><em>βῆχες</em></strong></span> <span class='ocrx_word' id='word_1_189' title='bbox 1194 2672 1249 2735; x_wconf 84' lang='grc' dir='ltr'><strong><em>καί</em></strong></span> <span class='ocrx_word' id='word_1_190' title='bbox 1274 2666 1306 2735; x_wconf 78' lang='grc' dir='ltr'><strong><em>οἱ</em></strong></span> <span class='ocrx_word' id='word_1_191' title='bbox 1324 2667 1375 2733; x_wconf 82' lang='grc' dir='ltr'><strong><em>κά-</em></strong></span> 
     </span>
     <span class='ocr_line' id='line_1_25' title="bbox 281 2763 1376 2860; baseline -0.005 -22"><span class='ocrx_word' id='word_1_192' title='bbox 281 2772 422 2860; x_wconf 77' lang='grc' dir='ltr'><strong><em>σταλδοι,</em></strong></span> <span class='ocrx_word' id='word_1_193' title='bbox 444 2773 533 2859; x_wconf 77' lang='grc' dir='ltr'><strong><em>δῶρα</em></strong></span> <span class='ocrx_word' id='word_1_194' title='bbox 555 2773 600 2859; x_wconf 75' lang='grc' dir='ltr'><strong><em>τῷ</em></strong></span> <span class='ocrx_word' id='word_1_195' title='bbox 615 2773 744 2854; x_wconf 76' lang='grc' dir='ltr'><strong><em>βασιλεῖ</em></strong></span> <span class='ocrx_word' id='word_1_196' title='bbox 760 2772 936 2845; x_wconf 87' lang='grc' dir='ltr'><strong><em>στειλαντις</em></strong></span> <span class='ocrx_word' id='word_1_197' title='bbox 955 2769 1114 2856; x_wconf 79' lang='grc' dir='ltr'><strong><em>ᾐτήσαντο</em></strong></span> <span class='ocrx_word' id='word_1_198' title='bbox 1133 2765 1274 2857; x_wconf 69' lang='grc' dir='ltr'><strong><em>εἰρήνην.</em></strong></span> <span class='ocrx_word' id='word_1_199' title='bbox 1299 2763 1376 2848; x_wconf 76' lang='grc' dir='ltr'><strong><em>α’ξεκ</em></strong></span> 
     </span>
    </p>
   </div>
   <div class='ocr_carea' id='block_1_3' title="bbox 355 2945 694 3002">
    <p class='ocr_par' dir='ltr' id='par_1_3' title="bbox 355 2945 694 3002">
     <span class='ocr_line' id='line_1_26' title="bbox 355 2945 694 3002; baseline 0 -2"><span class='ocrx_word' id='word_1_200' title='bbox 355 2947 397 3001; x_wconf 85' lang='lat'><strong><em>10.</em></strong></span> <span class='ocrx_word' id='word_1_201' title='bbox 416 2947 466 3002; x_wconf 85' lang='grc' dir='ltr'><strong><em>καλ</em></strong></span> <span class='ocrx_word' id='word_1_202' title='bbox 482 2945 535 3000; x_wconf 86' lang='lat' dir='ltr'><strong><em>add</em></strong></span> <span class='ocrx_word' id='word_1_203' title='bbox 554 2947 694 3000; x_wconf 85' lang='lat' dir='ltr'><strong>Cramcrus</strong></span> 
     </span>
    </p>
   </div>
   <div class='ocr_carea' id='block_1_4' title="bbox 279 3105 1429 3960">
    <p class='ocr_par' dir='ltr' id='par_1_4' title="bbox 280 3105 1429 3604">
     <span class='ocr_line' id='line_1_27' title="bbox 282 3105 1375 3180; baseline -0.004 -18"><span class='ocrx_word' id='word_1_204' title='bbox 282 3126 332 3162; x_wconf 83' lang='lat' dir='ltr'><strong><em>nos</em></strong></span> <span class='ocrx_word' id='word_1_205' title='bbox 350 3107 453 3160; x_wconf 84' lang='lat' dir='ltr'><strong>bellum</strong></span> <span class='ocrx_word' id='word_1_206' title='bbox 479 3107 585 3180; x_wconf 88' lang='lat' dir='ltr'><strong>Cpolim</strong></span> <span class='ocrx_word' id='word_1_207' title='bbox 608 3115 755 3178; x_wconf 77' lang='lat' dir='ltr'><strong>gesserunt.</strong></span> <span class='ocrx_word' id='word_1_208' title='bbox 792 3107 836 3160; x_wconf 87' lang='lat' dir='ltr'><strong><em>dei</em></strong></span> <span class='ocrx_word' id='word_1_209' title='bbox 861 3115 951 3160; x_wconf 82' lang='lat' dir='ltr'><strong>autem</strong></span> <span class='ocrx_word' id='word_1_210' title='bbox 979 3109 1063 3176; x_wconf 76' lang='lat' dir='ltr'><strong>gratia</strong></span> <span class='ocrx_word' id='word_1_211' title='bbox 1079 3107 1166 3160; x_wconf 84' lang='lat' dir='ltr'><strong>victus</strong></span> <span class='ocrx_word' id='word_1_212' title='bbox 1188 3123 1203 3158; x_wconf 95' lang='lat' dir='ltr'><strong>a</strong></span> <span class='ocrx_word' id='word_1_213' title='bbox 1223 3105 1375 3174; x_wconf 71' lang='lat' dir='ltr'><strong>Byzantinis</strong></span> 
     </span>
     <span class='ocr_line' id='line_1_28' title="bbox 284 3177 1374 3249; baseline -0.002 -17"><span class='ocrx_word' id='word_1_214' title='bbox 284 3179 366 3232; x_wconf 85' lang='lat' dir='ltr'><strong>rediit</strong></span> <span class='ocrx_word' id='word_1_215' title='bbox 382 3179 482 3249; x_wconf 83' lang='lat' dir='ltr'><strong>impius</strong></span> <span class='ocrx_word' id='word_1_216' title='bbox 499 3181 650 3242; x_wconf 79' lang='lat' dir='ltr'><strong>exercitus,</strong></span> <span class='ocrx_word' id='word_1_217' title='bbox 668 3189 696 3232; x_wconf 85' lang='lat' dir='ltr'><strong><em>et</em></strong></span> <span class='ocrx_word' id='word_1_218' title='bbox 713 3182 741 3232; x_wconf 88' lang='lat' dir='ltr'><strong><em>in</em></strong></span> <span class='ocrx_word' id='word_1_219' title='bbox 761 3180 858 3231; x_wconf 86' lang='lat' dir='ltr'><strong>itinere</strong></span> <span class='ocrx_word' id='word_1_220' title='bbox 882 3195 898 3228; x_wconf 94' lang='lat' dir='ltr'><strong>a</strong></span> <span class='ocrx_word' id='word_1_221' title='bbox 923 3177 1142 3246; x_wconf 78' lang='lat' dir='ltr'><strong>Cibyraeuturuua</strong></span> <span class='ocrx_word' id='word_1_222' title='bbox 1171 3181 1295 3230; x_wconf 77' lang='lat' dir='ltr'><strong>exercitu</strong></span> <span class='ocrx_word' id='word_1_223' title='bbox 1325 3181 1374 3230; x_wconf 84' lang='lat' dir='ltr'><strong>ite-</strong></span> 
     </span>
     <span class='ocr_line' id='line_1_29' title="bbox 284 3248 1429 3320; baseline -0.003 -17"><span class='ocrx_word' id='word_1_224' title='bbox 284 3267 342 3303; x_wconf 87' lang='lat' dir='ltr'><strong><em>rum</em></strong></span> <span class='ocrx_word' id='word_1_225' title='bbox 368 3251 448 3302; x_wconf 82' lang='lat' dir='ltr'><strong>armis</strong></span> <span class='ocrx_word' id='word_1_226' title='bbox 471 3251 551 3320; x_wconf 87' lang='lat' dir='ltr'><strong>petiti</strong></span> <span class='ocrx_word' id='word_1_227' title='bbox 569 3259 596 3302; x_wconf 82' lang='lat' dir='ltr'><strong><em>et</em></strong></span> <span class='ocrx_word' id='word_1_228' title='bbox 614 3251 695 3313; x_wconf 82' lang='lat' dir='ltr'><strong>victi,</strong></span> <span class='ocrx_word' id='word_1_229' title='bbox 726 3257 796 3312; x_wconf 83' lang='lat' dir='ltr'><strong>sunt,</strong></span> <span class='ocrx_word' id='word_1_230' title='bbox 830 3248 944 3302; x_wconf 78' lang='lat' dir='ltr'><strong>navibus</strong></span> <span class='ocrx_word' id='word_1_231' title='bbox 970 3252 1032 3318; x_wconf 75' lang='lat' dir='ltr'><strong>igne</strong></span> <span class='ocrx_word' id='word_1_232' title='bbox 1058 3249 1193 3302; x_wconf 86' lang='lat' dir='ltr'><strong>maritimo</strong></span> <span class='ocrx_word' id='word_1_233' title='bbox 1224 3250 1375 3300; x_wconf 85' lang='lat' dir='ltr'><strong>combustis.</strong></span> <span class='ocrx_word' id='word_1_234' title='bbox 1428 3311 1429 3314; x_wconf 8' lang='grc' dir='ltr'><strong><em>η</em></strong></span> 
     </span>
     <span class='ocr_line' id='line_1_30' title="bbox 281 3319 1374 3391; baseline -0.003 -18"><span class='ocrx_word' id='word_1_235' title='bbox 281 3321 429 3374; x_wconf 78' lang='lat' dir='ltr'>Callinicus</span> <span class='ocrx_word' id='word_1_236' title='bbox 447 3322 518 3372; x_wconf 88' lang='lat' dir='ltr'><strong>enim</strong></span> <span class='ocrx_word' id='word_1_237' title='bbox 537 3320 698 3374; x_wconf 73' lang='lat' dir='ltr'><strong>architectus</strong></span> <span class='ocrx_word' id='word_1_238' title='bbox 719 3321 828 3390; x_wconf 77' lang='lat' dir='ltr'><strong>quidam</strong></span> <span class='ocrx_word' id='word_1_239' title='bbox 849 3320 883 3371; x_wconf 88' lang='lat' dir='ltr'><strong><em>ab</em></strong></span> <span class='ocrx_word' id='word_1_240' title='bbox 905 3319 1059 3391; x_wconf 71' lang='lat' dir='ltr'><strong>heliopoli,</strong></span> <span class='ocrx_word' id='word_1_241' title='bbox 1080 3319 1173 3387; x_wconf 78' lang='lat' dir='ltr'><strong>Syriae</strong></span> <span class='ocrx_word' id='word_1_242' title='bbox 1194 3319 1279 3382; x_wconf 85' lang='lat' dir='ltr'><strong>urbe,</strong></span> <span class='ocrx_word' id='word_1_243' title='bbox 1298 3337 1374 3390; x_wconf 83' lang='lat' dir='ltr'><strong>quana</strong></span> 
     </span>
     <span class='ocr_line' id='line_1_31' title="bbox 280 3390 1429 3460; baseline -0.003 -15"><span class='ocrx_word' id='word_1_244' title='bbox 280 3394 317 3445; x_wconf 87' lang='lat' dir='ltr'><strong><em>ad</em></strong></span> <span class='ocrx_word' id='word_1_245' title='bbox 335 3394 468 3444; x_wconf 78' lang='lat' dir='ltr'><strong>Romanos</strong></span> <span class='ocrx_word' id='word_1_246' title='bbox 487 3392 690 3460; x_wconf 71' lang='lat' dir='ltr'><strong>transfugisset,</strong></span> <span class='ocrx_word' id='word_1_247' title='bbox 708 3393 798 3460; x_wconf 74' lang='lat' dir='ltr'><strong>ignem</strong></span> <span class='ocrx_word' id='word_1_248' title='bbox 824 3390 964 3443; x_wconf 85' lang='lat' dir='ltr'><strong>humidum</strong></span> <span class='ocrx_word' id='word_1_249' title='bbox 994 3393 1136 3443; x_wconf 84' lang='lat' dir='ltr'><strong>inventum</strong></span> <span class='ocrx_word' id='word_1_250' title='bbox 1163 3391 1198 3444; x_wconf 85' lang='lat' dir='ltr'><strong><em>iis</em></strong></span> <span class='ocrx_word' id='word_1_251' title='bbox 1225 3393 1332 3460; x_wconf 82' lang='lat' dir='ltr'><strong>pararit</strong></span> <span class='ocrx_word' id='word_1_252' title='bbox 1349 3397 1375 3441; x_wconf 86' lang='lat' dir='ltr'><strong><em>et</em></strong></span> <span class='ocrx_word' id='word_1_253' title='bbox 1428 3447 1429 3452; x_wconf 9' lang='grc' dir='ltr'><strong><em>η</em></strong></span> 
     </span>
     <span class='ocr_line' id='line_1_32' title="bbox 280 3459 1429 3532; baseline -0.002 -16"><span class='ocrx_word' id='word_1_254' title='bbox 280 3463 397 3516; x_wconf 77' lang='lat' dir='ltr'><strong>Arabum</strong></span> <span class='ocrx_word' id='word_1_255' title='bbox 423 3479 505 3517; x_wconf 84' lang='lat' dir='ltr'><strong>naves</strong></span> <span class='ocrx_word' id='word_1_256' title='bbox 523 3463 681 3514; x_wconf 84' lang='lat' dir='ltr'><strong>comburens</strong></span> <span class='ocrx_word' id='word_1_257' title='bbox 699 3480 752 3514; x_wconf 88' lang='lat' dir='ltr'><strong><em>una</em></strong></span> <span class='ocrx_word' id='word_1_258' title='bbox 773 3479 833 3530; x_wconf 77' lang='lat' dir='ltr'><strong>cunr</strong></span> <span class='ocrx_word' id='word_1_259' title='bbox 858 3459 1014 3514; x_wconf 74' lang='lat' dir='ltr'><strong>huminibus</strong></span> <span class='ocrx_word' id='word_1_260' title='bbox 1039 3461 1167 3532; x_wconf 78' lang='lat' dir='ltr'><strong>perdidit.</strong></span> <span class='ocrx_word' id='word_1_261' title='bbox 1204 3463 1243 3514; x_wconf 86' lang='lat' dir='ltr'><strong><em>ita</em></strong></span> <span class='ocrx_word' id='word_1_262' title='bbox 1268 3460 1373 3514; x_wconf 77' lang='lat' dir='ltr'><strong>Romani</strong></span> <span class='ocrx_word' id='word_1_263' title='bbox 1427 3475 1429 3492; x_wconf 70' lang='lat'><strong><em>¹</em></strong></span> 
     </span>
     <span class='ocr_line' id='line_1_33' title="bbox 280 3531 1108 3604; baseline -0.005 -17"><span class='ocrx_word' id='word_1_264' title='bbox 280 3549 377 3604; x_wconf 80' lang='lat' dir='ltr'><strong>magna</strong></span> <span class='ocrx_word' id='word_1_265' title='bbox 395 3550 456 3586; x_wconf 85' lang='lat' dir='ltr'><strong><em>cum</em></strong></span> <span class='ocrx_word' id='word_1_266' title='bbox 473 3535 586 3587; x_wconf 81' lang='lat' dir='ltr'><strong>victoria</strong></span> <span class='ocrx_word' id='word_1_267' title='bbox 607 3534 834 3601; x_wconf 70' lang='lat' dir='ltr'><strong>redieruutigne</strong></span> <span class='ocrx_word' id='word_1_268' title='bbox 853 3531 965 3584; x_wconf 86' lang='lat' dir='ltr'><strong>humido</strong></span> <span class='ocrx_word' id='word_1_269' title='bbox 985 3533 1108 3585; x_wconf 84' lang='lat' dir='ltr'><strong>invento.</strong></span> 
     </span>
    </p>

    <p class='ocr_par' dir='ltr' id='par_1_5' title="bbox 279 3600 1372 3960">
     <span class='ocr_line' id='line_1_34' title="bbox 293 3600 1372 3674; baseline -0.005 -17"><span class='ocrx_word' id='word_1_270' title='bbox 293 3607 301 3614; x_wconf 90' lang='lat'>&#39;</span> <span class='ocrx_word' id='word_1_271' title='bbox 351 3605 571 3674; x_wconf 78' lang='lat' dir='ltr'><strong>Ingressiautcm</strong></span> <span class='ocrx_word' id='word_1_272' title='bbox 585 3604 734 3657; x_wconf 82' lang='lat' dir='ltr'><strong>Mardaitse</strong></span> <span class='ocrx_word' id='word_1_273' title='bbox 744 3603 875 3656; x_wconf 79' lang='lat' dir='ltr'><strong>Libanum</strong></span> <span class='ocrx_word' id='word_1_274' title='bbox 889 3610 1097 3674; x_wconf 83' lang='lat' dir='ltr'><strong>occupaverunt.</strong></span> <span class='ocrx_word' id='word_1_275' title='bbox 1133 3609 1162 3655; x_wconf 89' lang='lat' dir='ltr'><strong><em>et</em></strong></span> <span class='ocrx_word' id='word_1_276' title='bbox 1175 3603 1281 3656; x_wconf 83' lang='lat' dir='ltr'><strong>Marias</strong></span> <span class='ocrx_word' id='word_1_277' title='bbox 1299 3600 1372 3656; x_wconf 72' lang='lat' dir='ltr'><strong>valdo</strong></span> 
     </span>
     <span class='ocr_line' id='line_1_35' title="bbox 281 3673 1370 3746; baseline -0.006 -16"><span class='ocrx_word' id='word_1_278' title='bbox 281 3679 426 3730; x_wconf 81' lang='lat' dir='ltr'><strong>exterritus</strong></span> <span class='ocrx_word' id='word_1_279' title='bbox 444 3677 546 3744; x_wconf 75' lang='lat' dir='ltr'><strong>legatos</strong></span> <span class='ocrx_word' id='word_1_280' title='bbox 565 3676 639 3728; x_wconf 77' lang='lat' dir='ltr'><strong>misit</strong></span> <span class='ocrx_word' id='word_1_281' title='bbox 655 3674 689 3726; x_wconf 85' lang='lat' dir='ltr'><strong><em>ad</em></strong></span> <span class='ocrx_word' id='word_1_282' title='bbox 708 3691 805 3744; x_wconf 80' lang='lat' dir='ltr'><strong>regem,</strong></span> <span class='ocrx_word' id='word_1_283' title='bbox 819 3691 911 3745; x_wconf 83' lang='lat' dir='ltr'><strong>pacem</strong></span> <span class='ocrx_word' id='word_1_284' title='bbox 932 3681 1076 3746; x_wconf 82' lang='lat' dir='ltr'><strong>petentes,</strong></span> <span class='ocrx_word' id='word_1_285' title='bbox 1096 3673 1252 3728; x_wconf 82' lang='lat' dir='ltr'><strong>concedens</strong></span> <span class='ocrx_word' id='word_1_286' title='bbox 1277 3673 1370 3727; x_wconf 85' lang='lat' dir='ltr'><strong>tributa</strong></span> 
     </span>
     <span class='ocr_line' id='line_1_36' title="bbox 279 3745 1371 3814; baseline -0.004 -15"><span class='ocrx_word' id='word_1_287' title='bbox 279 3764 381 3800; x_wconf 83' lang='lat' dir='ltr'><strong>annua.</strong></span> <span class='ocrx_word' id='word_1_288' title='bbox 425 3763 489 3812; x_wconf 84' lang='lat' dir='ltr'><strong>rex,</strong></span> <span class='ocrx_word' id='word_1_289' title='bbox 507 3745 604 3814; x_wconf 85' lang='lat' dir='ltr'><strong>legatis</strong></span> <span class='ocrx_word' id='word_1_290' title='bbox 623 3746 738 3809; x_wconf 70' lang='lat' dir='ltr'><strong>auditis,</strong></span> <span class='ocrx_word' id='word_1_291' title='bbox 750 3747 825 3798; x_wconf 86' lang='lat' dir='ltr'><strong>misit</strong></span> <span class='ocrx_word' id='word_1_292' title='bbox 840 3764 900 3798; x_wconf 88' lang='lat' dir='ltr'><strong><em>cum</em></strong></span> <span class='ocrx_word' id='word_1_293' title='bbox 924 3747 959 3798; x_wconf 85' lang='lat' dir='ltr'><strong><em>iis</em></strong></span> <span class='ocrx_word' id='word_1_294' title='bbox 977 3747 1106 3798; x_wconf 82' lang='lat' dir='ltr'><strong>loannem</strong></span> <span class='ocrx_word' id='word_1_295' title='bbox 1125 3746 1272 3814; x_wconf 85' lang='lat' dir='ltr'><strong>patricium</strong></span> <span class='ocrx_word' id='word_1_296' title='bbox 1290 3745 1371 3798; x_wconf 72' lang='lat' dir='ltr'><strong>Pitan-</strong></span> 
     </span>
     <span class='ocr_line' id='line_1_37' title="bbox 281 3814 1369 3888; baseline -0.006 -18"><span class='ocrx_word' id='word_1_297' title='bbox 281 3817 405 3886; x_wconf 80' lang='lat' dir='ltr'><strong>gabdem,</strong></span> <span class='ocrx_word' id='word_1_298' title='bbox 422 3819 469 3888; x_wconf 87' lang='lat' dir='ltr'><strong><em>qui</em></strong></span> <span class='ocrx_word' id='word_1_299' title='bbox 497 3818 596 3887; x_wconf 86' lang='lat' dir='ltr'><strong>peritia</strong></span> <span class='ocrx_word' id='word_1_300' title='bbox 623 3825 651 3870; x_wconf 90' lang='lat' dir='ltr'><strong><em>et</em></strong></span> <span class='ocrx_word' id='word_1_301' title='bbox 679 3815 826 3888; x_wconf 80' lang='lat' dir='ltr'><strong>prudentie</strong></span> <span class='ocrx_word' id='word_1_302' title='bbox 846 3825 958 3869; x_wconf 86' lang='lat' dir='ltr'><strong>ornatus</strong></span> <span class='ocrx_word' id='word_1_303' title='bbox 978 3833 1038 3868; x_wconf 86' lang='lat' dir='ltr'><strong><em>cum</em></strong></span> <span class='ocrx_word' id='word_1_304' title='bbox 1058 3814 1193 3868; x_wconf 78' lang='lat' dir='ltr'><strong>Arabibus</strong></span> <span class='ocrx_word' id='word_1_305' title='bbox 1212 3817 1369 3886; x_wconf 83' lang='lat' dir='ltr'><strong>toqueretur.</strong></span> 
     </span>
     <span class='ocr_line' id='line_1_38' title="bbox 281 3885 1369 3960; baseline -0.006 -19"><span class='ocrx_word' id='word_1_306' title='bbox 281 3907 365 3960; x_wconf 86' lang='lat' dir='ltr'><strong>quum</strong></span> <span class='ocrx_word' id='word_1_307' title='bbox 383 3889 465 3939; x_wconf 85' lang='lat' dir='ltr'><strong>huius</strong></span> <span class='ocrx_word' id='word_1_308' title='bbox 483 3888 654 3959; x_wconf 78' lang='lat' dir='ltr'><strong>prudentiam</strong></span> <span class='ocrx_word' id='word_1_309' title='bbox 672 3897 701 3940; x_wconf 86' lang='lat' dir='ltr'><strong><em>et</em></strong></span> <span class='ocrx_word' id='word_1_310' title='bbox 717 3903 832 3940; x_wconf 88' lang='lat' dir='ltr'><strong>acumen</strong></span> <span class='ocrx_word' id='word_1_311' title='bbox 851 3889 1013 3956; x_wconf 71' lang='lat' dir='ltr'><strong>mirarentur</strong></span> <span class='ocrx_word' id='word_1_312' title='bbox 1028 3885 1141 3952; x_wconf 82' lang='lat' dir='ltr'><strong>Arabes,</strong></span> <span class='ocrx_word' id='word_1_313' title='bbox 1161 3890 1290 3940; x_wconf 80' lang='lat' dir='ltr'><strong>convenit</strong></span> <span class='ocrx_word' id='word_1_314' title='bbox 1307 3888 1369 3938; x_wconf 78' lang='lat' dir='ltr'><strong>inter</strong></span> 
     </span>
    </p>
   </div>
   <div class='ocr_carea' id='block_1_5' title="bbox 183 3958 1368 4028">
    <p class='ocr_par' dir='ltr' id='par_1_6' title="bbox 183 3958 1368 4028">
     <span class='ocr_line' id='line_1_39' title="bbox 183 3958 1368 4028; baseline -0.006 -17"><span class='ocrx_word' id='word_1_315' title='bbox 183 3999 184 4002; x_wconf 17' lang='grc' dir='ltr'><strong><em>η</em></strong></span> <span class='ocrx_word' id='word_1_316' title='bbox 281 3961 474 4024; x_wconf 83' lang='lat' dir='ltr'><strong>eos,Rumaais</strong></span> <span class='ocrx_word' id='word_1_317' title='bbox 504 3959 700 4012; x_wconf 85' lang='lat' dir='ltr'><strong>aotannisdari</strong></span> <span class='ocrx_word' id='word_1_318' title='bbox 715 3959 802 4010; x_wconf 82' lang='lat' dir='ltr'><strong>millia</strong></span> <span class='ocrx_word' id='word_1_319' title='bbox 820 3958 1081 4022; x_wconf 62' lang='lat' dir='ltr'><strong><em>innumerorum</em></strong></span> <span class='ocrx_word' id='word_1_320' title='bbox 1095 3967 1158 4010; x_wconf 84' lang='lat' dir='ltr'><strong>ectu</strong></span> <span class='ocrx_word' id='word_1_321' title='bbox 1176 3958 1274 4021; x_wconf 82' lang='lat' dir='ltr'><strong>millia,</strong></span> <span class='ocrx_word' id='word_1_322' title='bbox 1294 3968 1368 4028; x_wconf 80' lang='lat' dir='ltr'><strong>equos</strong></span> 
     </span>
    </p>
   </div>
   <div class='ocr_carea' id='block_1_6' title="bbox 280 4027 1366 4242">
    <p class='ocr_par' dir='ltr' id='par_1_7' title="bbox 280 4027 1366 4242">
     <span class='ocr_line' id='line_1_40' title="bbox 281 4027 1366 4098; baseline -0.007 -16"><span class='ocrx_word' id='word_1_323' title='bbox 281 4046 424 4098; x_wconf 77' lang='lat' dir='ltr'><strong>generosos</strong></span> <span class='ocrx_word' id='word_1_324' title='bbox 435 4029 478 4082; x_wconf 83' lang='lat'><strong><em>50.</em></strong></span> <span class='ocrx_word' id='word_1_325' title='bbox 516 4047 563 4082; x_wconf 83' lang='lat' dir='ltr'><strong><em>aec</em></strong></span> <span class='ocrx_word' id='word_1_326' title='bbox 579 4047 665 4083; x_wconf 89' lang='lat' dir='ltr'><strong>annos</strong></span> <span class='ocrx_word' id='word_1_327' title='bbox 682 4027 717 4082; x_wconf 83' lang='lat'><strong><em>30</em></strong></span> <span class='ocrx_word' id='word_1_328' title='bbox 736 4037 766 4082; x_wconf 82' lang='lat' dir='ltr'><strong><em>ut</em></strong></span> <span class='ocrx_word' id='word_1_329' title='bbox 783 4030 920 4092; x_wconf 85' lang='lat' dir='ltr'><strong>darentur,</strong></span> <span class='ocrx_word' id='word_1_330' title='bbox 939 4031 1115 4082; x_wconf 82' lang='lat' dir='ltr'><strong>constitutum</strong></span> <span class='ocrx_word' id='word_1_331' title='bbox 1131 4037 1181 4093; x_wconf 79' lang='lat' dir='ltr'><strong>eat,</strong></span> <span class='ocrx_word' id='word_1_332' title='bbox 1195 4031 1235 4081; x_wconf 85' lang='lat' dir='ltr'><strong><em>ita</em></strong></span> <span class='ocrx_word' id='word_1_333' title='bbox 1256 4029 1366 4092; x_wconf 76' lang='lat' dir='ltr'><strong>uttonga</strong></span> 
     </span>
     <span class='ocr_line' id='line_1_41' title="bbox 280 4097 1366 4170; baseline 0 -19"><span class='ocrx_word' id='word_1_334' title='bbox 280 4118 333 4170; x_wconf 81' lang='lat' dir='ltr'><strong><em>pax</em></strong></span> <span class='ocrx_word' id='word_1_335' title='bbox 355 4109 427 4153; x_wconf 77' lang='lat' dir='ltr'><strong>esset</strong></span> <span class='ocrx_word' id='word_1_336' title='bbox 444 4101 515 4153; x_wconf 83' lang='lat' dir='ltr'><strong>inter</strong></span> <span class='ocrx_word' id='word_1_337' title='bbox 532 4101 631 4153; x_wconf 82' lang='lat' dir='ltr'><strong>Arabes</strong></span> <span class='ocrx_word' id='word_1_338' title='bbox 651 4107 679 4152; x_wconf 88' lang='lat' dir='ltr'><strong><em>et</em></strong></span> <span class='ocrx_word' id='word_1_339' title='bbox 696 4102 838 4154; x_wconf 81' lang='lat' dir='ltr'><strong>Romanos.</strong></span> <span class='ocrx_word' id='word_1_340' title='bbox 884 4098 978 4152; x_wconf 86' lang='lat' dir='ltr'><strong>eadem</strong></span> <span class='ocrx_word' id='word_1_341' title='bbox 999 4103 1102 4152; x_wconf 88' lang='lat' dir='ltr'><strong>ratione</strong></span> <span class='ocrx_word' id='word_1_342' title='bbox 1122 4099 1240 4166; x_wconf 76' lang='lat' dir='ltr'><strong>Scythae</strong></span> <span class='ocrx_word' id='word_1_343' title='bbox 1258 4101 1286 4151; x_wconf 88' lang='lat' dir='ltr'><strong><em>in</em></strong></span> <span class='ocrx_word' id='word_1_344' title='bbox 1305 4097 1366 4151; x_wconf 82' lang='lat' dir='ltr'><strong>oeci·</strong></span> 
     </span>
     <span class='ocr_line' id='line_1_42' title="bbox 280 4169 1365 4242; baseline -0.005 -19"><span class='ocrx_word' id='word_1_345' title='bbox 280 4172 363 4226; x_wconf 82' lang='lat' dir='ltr'><strong>dente</strong></span> <span class='ocrx_word' id='word_1_346' title='bbox 381 4171 536 4227; x_wconf 74' lang='lat' dir='ltr'><strong>habitantur</strong></span> <span class='ocrx_word' id='word_1_347' title='bbox 554 4181 583 4226; x_wconf 87' lang='lat' dir='ltr'><strong><em>et</em></strong></span> <span class='ocrx_word' id='word_1_348' title='bbox 600 4171 741 4242; x_wconf 79' lang='lat' dir='ltr'><strong>Chagaaus</strong></span> <span class='ocrx_word' id='word_1_349' title='bbox 760 4179 788 4225; x_wconf 85' lang='lat' dir='ltr'><strong><em>et</em></strong></span> <span class='ocrx_word' id='word_1_350' title='bbox 808 4186 882 4240; x_wconf 75' lang='lat' dir='ltr'><strong>reges</strong></span> <span class='ocrx_word' id='word_1_351' title='bbox 910 4172 949 4225; x_wconf 84' lang='lat' dir='ltr'><strong><em>ibi</em></strong></span> <span class='ocrx_word' id='word_1_352' title='bbox 968 4179 1113 4241; x_wconf 72' lang='lat' dir='ltr'><strong>regnantes</strong></span> <span class='ocrx_word' id='word_1_353' title='bbox 1133 4180 1163 4224; x_wconf 85' lang='lat' dir='ltr'><strong><em>et</em></strong></span> <span class='ocrx_word' id='word_1_354' title='bbox 1185 4169 1305 4226; x_wconf 72' lang='lat' dir='ltr'><strong>Castalii</strong></span> <span class='ocrx_word' id='word_1_355' title='bbox 1321 4169 1365 4220; x_wconf 82' lang='grc' dir='ltr'><strong><em>δο-</em></strong></span> 
     </span>
    </p>
   </div>
   <div class='ocr_carea' id='block_1_7' title="bbox 0 0 1448 4860">
    <p class='ocr_par' dir='ltr' id='par_1_8' title="bbox 0 0 1448 4860">
     <span class='ocr_line' id='line_1_43' title="bbox 0 0 1448 4860; baseline 0 0"><span class='ocrx_word' id='word_1_356' title='bbox 0 0 1448 4860; x_wconf 95' lang='lat' dir='ltr'><strong><em> </em></strong></span> 
     </span>
    </p>
   </div>
  </div>
 </body>
</html>
