2828 4874
558 324 709 390 NOTAE.
1090 325 1161 394 515

147 479 169 544 8
210 471 411 562 ἑπιάγουρον]
436 499 546 541 vocem
561 467 700 560 siyoupov
714 501 775 562 pro
796 480 920 563 ephebo
935 490 1030 567 atque
1052 483 1164 548 iuvene
1253 509 1255 514 ’

67 566 100 628 in
124 565 194 626 auis
214 572 356 628 merente
377 564 506 645 exponit
527 562 683 626 Possinius
711 565 744 626 iu
765 569 851 626 Anna
887 568 1057 645 Comnena,
1077 570 1165 630 cuius

68 647 204 714 Alexiad.
227 650 245 709 Ι.
267 644 286 708 7
308 667 345 708 eo
366 666 425 707 vox
444 656 535 710 extat.
579 657 611 708 at
635 669 744 711 vocem
766 644 956 733 ἕπιᾰγονρον
978 651 1092 714 iterum
1116 654 1165 714 iu-

68 734 161 796 venio
183 733 215 792 in
237 733 342 793 Leone
363 731 566 814 grammatico
595 753 626 814 p.
639 729 702 794 460
727 733 765 794 de
786 733 898 795 Basilio
921 734 1093 798 Macedone
1115 737 1165 798 di.

66 829 169 897 etam,
191 837 262 878 cum
289 815 434 877 robustus
456 835 657 900 proceroque
678 837 815 899 corpore
838 818 956 880 iuvenis
977 817 1167 901 Theophili-

67 903 124 966 tsis
146 900 308 962 comitatui
331 897 467 962 adiectos
487 908 549 974 est,
573 921 665 983 quem
691 901 910 964 Constantinus
934 905 964 964 in
979 903 1083 965 Basilii
1101 905 1166 966 vita

64 983 216 1050 eiusmodi
239 985 396 1060 iuvenum,
419 1005 455 1045 se
477 986 532 1067 qui
555 983 682 1065 pulchri
704 994 822 1062 essent,
844 984 988 1064 εὐειδεῖς,
1011 987 1055 1050 uit
1075 990 1165 1050 fuisse

63 1069 323 1132 studiosissimum
343 1089 407 1129 non
428 1069 508 1130 male
522 1066 573 1129 hio
586 1067 621 1132 P.
635 1071 723 1128 Goar
736 1071 842 1130 virili.-
863 1079 895 1131 at
917 1073 1033 1148 mutim,
1053 1073 1167 1153 grmrdt'

62 1155 248 1238 robustoque.
305 1151 348 1214 ihi
371 1171 435 1212 non
457 1151 562 1234 placet
582 1165 729 1234 agrestem
761 1156 918 1214 terrerem:
948 1158 1054 1236 potius
1073 1157 1165 1218 robu-

62 1252 141 1300 stum
160 1239 290 1318 fhrtem,
312 1235 477 1317 grandem
498 1233 537 1298 de
558 1256 622 1318 quo
644 1237 748 1298 statim
761 1225 828 1298 οἷον
849 1228 987 1318 oiyoopo'v
1009 1240 1066 1302 νῦν
1088 1239 1166 1300 n'ne-

66 1287 208 1400 tonino
229 1320 348 1406 qrsulem
369 1341 445 1380 nurse
463 1319 625 1380 musculum
644 1322 798 1381 comitatui
816 1321 943 1403 adlegi?

147 1435 167 1500 9
210 1432 245 1498 ssi
270 1433 367 1515 πάνυ]
398 1439 477 1500 nihii
510 1445 556 1500 est
586 1457 646 1499 our
666 1435 843 1500 redundare
872 1437 1086 1500 existimetur:
1108 1461 1166 1501 neo

63 1523 147 1584 enim
178 1543 297 1584 novum
333 1531 369 1586 us
404 1533 437 1586 et
471 1521 668 1606 superlativis
700 1521 849 1584 adverbia
880 1521 1033 1585 eiusmodi
1055 1523 1167 1585 adiun-

63 1616 192 1690 gantur.
504 1623 505 1628 ’

150 1711 188 1776 10
230 1709 334 1792 κόψας
368 1713 426 1776 και·
456 1709 517 1794 τὴν
546 1711 680 1789 asotos]
701 1714 817 1775 aarum
845 1714 938 1774 lutum
957 1715 1091 1778 excismn
1110 1735 1166 1812 op·

57 1817 185 1882 ponem.
226 1797 271 1858 sic
294 1819 325 1880 p.
342 1790 404 1859 416
427 1797 623 1880 Nicephorus
644 1799 801 1860 ambustus
823 1797 1167 1881 diciturinBuigar1a‚

60 1881 109 1964 spi
127 1883 183 1960 τῆς
204 1879 322 1953 ooo'iac
342 1879 435 1961 tropi:
457 1883 526 1964 igne
548 1883 636 1959 ualli,
664 1881 769 1964 inquit
786 1882 961 1944 Anastasius
982 1903 1096 1964 nempe
1125 1881 1167 1944 ti-

60 1963 131 2048 gnis
155 1962 213 2028 iiiis
236 1965 348 2048 quihus
368 1963 502 2028 Crumus
525 1973 626 2026 eastra
650 1965 941 2048 circumsepiverat.

154 2065 191 2125 11
233 2063 292 2126 soi·
312 2059 368 2126 sni
390 2061 593 2143 Καβαλίνου]
617 2065 691 2128 fecit
713 2065 826 2128 Leonis
849 2066 926 2126 haeo
946 2063 1107 2147 diligentia
1131 2075 1168 2127 ut

61 2155 96 2208 et
119 2158 225 2228 patres
248 2147 446 2210 Constantini
467 2149 555 2210 istam
578 2147 855 2234 pseudosynodum
876 2159 1024 2212 accurate
1045 2149 1167 2210 refota.

62 2234 193 2306 verint3
230 2253 310 2330 quoa
340 2251 452 2294 eorum
471 2231 632 2311 refutatio,
654 2235 712 2295 'seu
735 2233 841 2316 potius
864 2233 895 2294 S.
917 2232 1088 2315 Nicephori
1110 2252 1169 2294 eo-

64 2335 139 2460 Epm
161 2337 308 2460 npmsne,
330 2313 488 2378 luculenta
516 2325 600 2380 extat
632 2317 664 2380 in
687 2338 753 2380 uno
776 2314 846 2381 eod.
874 2317 992 2400 Regio,
1015 2335 1169 2400 perquem

89 2421 161 2460 rou
197 2421 262 2463 noe.

100 2421 119 2482 g
153 2500 191 2562 tt
233 2501 289 2562 καί
311 2499 503 2578 Κασυμαθᾶ
530 2497 678 2577 μαθόντα
711 2493 768 2582 τήν
788 2507 923 2580 ypram]
949 2521 1008 2584 ego
1028 2500 1071 2560 sie
1094 2499 1168 2560 red·

67 2580 148 2660 dam,
170 2587 223 2667 qui
251 2585 432 2686 Qnsatha
460 2584 667 2669 ludimagistro
694 2586 921 2684 grentmau'cam
942 2585 1101 2660 didmuset,
1122 2605 1167 2642 ss·

60 2668 457 2836 tfffttttt'tt‘ttttd
470 2668 691 2816 5110Ἒὲζέ
690 2669 1081 2835 ᾰὶἶῗῖοζῗξίῖἱῗὲῗιὲἶῑ
1088 2687 1169 2812 tt}

63 2837 255 2917 Pergensem
289 2839 469 2919 episcopum
492 2839 683 2912 Antonium,
709 2838 763 2920 qui
785 2837 930 2898 omnibus
950 2834 998 2895 his
1020 2835 1168 2916 gradihus

63 2940 137 2980 eam
158 2921 198 2980 sit
219 2919 349 3002 adeptus
369 2920 482 2996 sedem,
505 2921 718 3002 haeresimque
733 2919 1013 2981 iconomachorum
1033 2938 1171 3000 promo-

26 3023 27 3026 ’
60 3004 160 3080 verit,
184 3025 247 3066 non
264 3012 328 3066 tres
349 3003 498 3082 diversos,
519 3003 606 3088 quod
626 3013 738 3064 sonant
763 3004 860 3064 verba
883 3003 1073 3084 interpretis.

154 3117 193 3182 13
235 3120 328 3204 plura
362 3121 498 3202 ignatius
528 3121 676 3183 diaeonus
705 3119 744 3182 de
766 3129 836 3182 tota
869 3120 927 3180 hae
957 3116 1190 3199 disputatione«

30 3287 37 3302 Χ
64 3205 156 3351 :flag
181 3205 353 3287 Nicephori
376 3207 449 3278 vita,
471 3206 600 3287 eiusque
618 3206 702 3267 exitu
732 3225 768 3266 ao
784 3202 1004 3286 persecutione
1024 3202 1170 3264 eeclesiae

156 3383 196 3448 14
236 3387 299 3449 τῶν
319 3379 448 3470 ἑορτῶν]
471 3389 569 3452 amico
583 3391 708 3452 auctori
731 3411 805 3451 vox:
830 3411 891 3473 qua
914 3389 1031 3470 ubique
1053 3383 1168 3448 Christi

65 3471 203 3538 natalem
224 3472 386 3556 significet.

156 3573 195 3634 15
235 3572 399 3655 σκυλῆναι]
420 3577 543 3636 vexari.
587 3571 722 3636 hahetur
744 3596 778 3636 ea
802 3595 863 3636 vox
883 3573 959 3634 Luc.
980 3570 1000 3632 7
1022 3578 1054 3632 et
1076 3569 1108 3632 8.

153 3686 192 3751 16
233 3684 376 3771 σταυρόν
406 3685 491 3771 ἔχων
510 3687 631 3769 εἰκόνα]
660 3713 775 3753 onmem
796 3693 830 3754 in
847 3710 906 3776 quo
928 3692 1027 3770 inrogo
1047 3687 1167 3774 depicta

62 3787 157 3850 esset,
179 3773 263 3835 forte
290 3775 384 3856 ipsius
408 3775 524 3837 Christi
547 3796 583 3836 ex
605 3797 640 3836 ea
663 3774 836 3857 pendentis,
860 3795 954 3857 quam
976 3771 1073 3854 ipsam
1097 3771 1165 3835 ioo.

64 3858 225 3920 noetustae
246 3860 478 3939 improbabant.
532 3857 645 3920 nudam
677 3880 803 3922 crucem
822 3859 972 3920 'hactenus
1007 3857 1027 3917 ii
1047 3855 1168 3918 tolera·

63 3945 155 4022 bant,
178 3963 216 4005 eo
238 3943 380 4004 mitiores
412 3943 512 4004 nostri
535 3943 602 4004 aevi
624 3945 780 4020 sectariis,
803 3964 866 4006 non
890 3943 933 4002 ita
955 3961 1035 4022 quae
1055 3939 1168 4000 adiun-

67 4036 136 4088 ctas
158 4029 207 4088 vei
230 4026 370 4109 appictas
398 4027 544 4111 imagines
566 4027 705 4089 haberet.
755 4048 881 4090 crucem
909 4046 1010 4106 nuper
1033 4025 1167 4105 ligneum

62 4113 186 4174 serente
208 4114 332 4174 Graeco
354 4109 602 4173 hieromonncho
617 4111 691 4188 vidi,
713 4113 744 4172 in
768 4134 829 4194 qus
852 4118 920 4171 tota
939 4109 1006 4170 iere
1019 4129 1166 4190 ,euangm

64 4198 124 4258 lica
145 4195 276 4258 historia
304 4193 408 4256 subtili
429 4195 500 4258 satis
516 4196 667 4260 statuario
689 4216 787 4278 opere
809 4193 910 4258 efficta
933 4192 1069 4256 extabat.
1152 4189 1165 4215 ''
